2725 4717
373 597 443 662 218
495 590 731 697 dnnaunrx
762 605 1055 668 cunonoroc
1222 621 1224 702 ἐ

238 755 352 798 ffi
367 711 418 786 nsi
436 712 542 788 vitam
558 738 672 785 meam
686 711 767 784 Sura
786 733 940 810 peteret,
963 713 1038 786 heri
1059 741 1138 788 eam

236 822 272 872 A·
282 820 346 870 Μ
368 811 607 914 „eripuissem
620 814 702 905 Quo
715 809 806 883 dicto
818 809 948 884 adserta
960 838 1037 884 tum
1050 818 1138 888 Surae

262 902 343 956 ⁸⁶⁰·'
369 913 618 1013 tranquillitas,
643 936 719 986 tum
744 911 883 1009 Trajani
910 911 1049 1013 gloria,
1079 917 1138 1013 qui

150 1054 154 1063 ·
260 992 285 1045 ³
302 992 336 1040 C·
369 1038 468 1098 norat
488 1012 646 1090 amicitiis
668 1007 843 1083 fortunam
862 1013 1061 1112 Principum
1084 1016 1139 1086 in-

272 1083 340 1140 m
368 1115 511 1214 digere,
539 1111 813 1214 praecipuumque
833 1137 951 1184 eorum
969 1139 1056 1214 opus
1074 1114 1137 1190 effe

366 1215 492 1287 amicos
509 1239 647 1312 parate,
668 1221 726 1304 &‚
746 1209 825 1284 cum
839 1214 1055 1314 paraverint,
1077 1216 1137 1288 de·

366 1311 519 1392 fendere.

143 1426 148 1536 f
235 1404 354 1518 ᾗ
418 1415 558 1487 Anmo
581 1409 697 1483 Annio
723 1409 900 1486 Trebonio
924 1409 1055 1500 Gallo,
1082 1413 1136 1486 M.
1223 1459 1224 1462 =

143 1556 145 1635 j
264 1551 330 1604 861.
369 1513 481 1588 Atilio
497 1510 781 1587 Metilio-Bradud
797 1507 999 1583 consulibus.
1018 1511 1136 1585 Auctis

143 1638 144 1699 f
257 1638 283 1688 J.
299 1639 330 1689 e.
369 1613 505 1717 imperii
520 1610 664 1712 opibus,
691 1611 734 1684 ad
753 1610 923 1712 publicam
941 1611 1049 1684 Urbis
1064 1640 1135 1686 rna·

265 1723 334 1780 ³08·
368 1713 875 1817 guificentiamTrajanuscuras
886 1711 998 1786 vertit.
1007 1712 1137 1788 Aderat

368 1813 632 1915 Apollodorus,
667 1839 772 1910 quem
797 1809 892 1918 suptd
919 1815 1134 1904 memoravi,

366 1916 418 1988 vir
434 1912 599 1988 vastiffimi
612 1912 759 2010 ingenii,
786 1922 821 1986 δι
839 1913 1000 1984 creatrice
1020 1915 1134 1988 naturi

366 2016 547 2090 instindus.
576 2016 607 2083 ls
623 2013 711 2086 vidit
724 2013 760 2088 in
774 2009 850 2084 foro
863 2013 1026 2088 Romano
1040 2014 1135 2090 adul·

367 2140 438 2188 tam
454 2111 519 2187 effe
536 2140 580 2212 po
604 2110 654 2184 uli
665 2113 815 2186 Romani
830 2105 974 2214 gloriam
990 2144 999 2186 z
1016 2115 1133 2190 divum

366 2214 498 2294 Julium
513 2139 680 2286 Caciiirem
698 2208 812 2286 forum
828 2212 972 2297 alterum
986 2213 1135 2316 splendi-

368 2316 443 2389 dius
465 2311 651 2402 addidiffe,
670 2313 790 2413 ingens
807 2313 909 2414 coepti
925 2314 975 2386 im
1003 2317 1065 2388 erii
1081 2344 1133 2389 or·

368 2441 592 2492 namentum:
615 2413 736 2502 suum,
760 2413 839 2486 cirm
855 2414 943 2488 crevi
972 2416 1133 2508 etUrbs,

345 2527 403 2607 2&
428 2541 592 2589 terrarum
619 2514 696 2585 orbi
723 2521 797 2611 juta
826 2513 982 2602 diceret,
1016 2515 1132 2596 divum

367 2616 555 2717 Augustum
569 2610 714 2688 sstuxiffe
726 2641 736 2705 3
750 2613 867 2712 ibique
880 2613 1133 2692 clariffimorum

277 2727 284 2731 “
366 2719 516 2791 virorum
527 2711 839 2816 statuas,inscriptis
850 2741 969 2790 eorum
979 2716 1132 2794 laudibus

359 2814 596 2901 consecrasse,
620 2841 659 2887 ut
682 2813 814 2916 aspedu
837 2826 872 2890 δι
896 2814 1005 2918 glorid
1030 2821 1132 2896 virtus
1222 2811 1223 2832 ¹

365 2914 628 2988 accenderetur:
653 2914 773 2987 divum
797 2917 973 3006 Nervam,
1003 2946 1132 2994 novum

366 3043 388 3094 a
413 3012 618 3091 Domitiano
637 3012 871 3106 inchoatum,
888 3015 962 3091 'sed
988 3019 1133 3094 meliore

367 3115 404 3189 di
452 3140 513 3188 um
534 3116 694 3202 auctore,
720 3143 790 3188 non
810 3117 916 3190 modb
935 3117 1132 3212 absolviffe,

366 3142 451 3292 scdn
446 3214 614 3318 quidquid
638 3215 741 3287 etiam
764 3223 956 3292 anteactum
976 3217 1131 3294 sublimi·

366 3343 435 3390 tate
449 3343 591 3418 opetum
606 3312 778 3416 supetaffe.
801 3320 1023 3420 Supremum,
1037 3321 1131 3422 quod
1221 3361 1222 3370 ¹

365 3419 482 3490 omnia
498 3416 669 3506 vinceret,
693 3427 729 3492 &
744 3443 905 3498 aternum
920 3417 1011 3498 foret
1025 3421 1129 3496 Urbis

364 3518 650 3611 monimentum,
680 3512 797 3598 animo
818 3522 985 3628 concepit.
1016 3526 1130 3612 Granf

835 3762 858 3794 ν
