2725 4717
340 579 411 642 262
467 563 708 643 Arruunrx
736 583 1049 641 cumennora·

208 724 324 776 Ξ
338 686 494 762 sabantur
507 709 601 756 cutae.
624 680 739 756 Modo
752 680 917 756 decorum
932 684 1128 758 videbatur

210 783 241 843 Ᾱ·
253 794 284 840 ⁰·
296 790 328 841 (ἓ
341 785 528 864 Alexandri
539 782 664 884 Magni
675 781 833 882 exemplo
847 782 916 858 stne
930 809 1033 872 certo
1046 784 1127 858 suc-

239 875 305 932 870·
342 886 466 962 ceffore
490 883 679 960 decedere·
706 883 849 972 Modo,
875 910 913 958 ut
942 885 1125 984 quantum

131 1020 136 1029 ¹
232 964 306 1105 {⁶⁹15
340 989 445 1092 poffet
464 989 513 1060 rei
538 983 656 1057 ublicae
670 983 888 1085 provideret,
906 983 1014 1060 satius
1027 987 1124 1060 reba-

233 1103 239 1112 ’
292 1076 303 1100 ’
340 1116 393 1168 rut
407 1015 626 1186 succeriotem
642 1083 713 1157 deli
738 1111 822 1174 ere,
846 1084 907 1186 qui
923 1085 1123 1186 imperium

339 1113 1120 1288 fibiadivoNervrnaitumaseacceptum,

338 1287 461 1364 iisdem
478 1289 515 1361 in
530 1285 702 1389 publicam
713 1282 913 1362 felicitatem
929 1288 1053 1362 studiis
1067 1315 1119 1360 re-

340 1391 446 1495 geret.
473 1387 547 1462 Nec
567 1383 673 1462 facilis
697 1384 855 1462 delean.
896 1385 1118 1489 Ambigebar

287 1483 290 1494 ¹
340 1491 436 1568 enim
451 1488 674 1565 Neratiumne
691 1483 839 1562 Priscum
858 1485 986 1562 virtute
1006 1499 1044 1564 &
1067 1488 1117 1562 le·

338 1618 424 1690 gum
438 1586 577 1664 scientie
589 1588 796 1691 praestantem
809 1610 1057 1688 anteponeret,
1072 1617 1116 1664 an

338 1690 478 1766 Lusium
493 1689 662 1784 Quietum
675 1687 774 1762 tantis
792 1686 966 1764 bellorum
983 1691 1117 1792 expeti·

341 1792 467 1884 mentis
488 1789 681 1892 probatum.
712 1789 801 1863 Mox
818 1814 861 1864 ne
878 1786 1024 1864 infausta
1045 1789 1118 1864 suc·

341 1889 474 1993 cessoris
507 1888 737 1990 designatione
773 1890 981 1964 memoriam
1017 1889 1117 1964 suam

339 2015 520 2081 oneraret,
544 1989 731 2092 expeditius
750 1987 919 2078 ducebat,
945 1986 1048 2064 missa
1069 1991 1117 2068 ad

338 2087 494 2166 senarum
505 2091 682 2180 oratione,
696 2089 785 2165 viros
796 2117 1009 2205 proponere,
1025 2120 1115 2192 quos

338 2191 430 2266 inter
445 2186 596 2280 senatus,
614 2218 721 2292 quem
735 2218 906 2290 optimum
919 2191 1113 2290 probasset,
1141 2277 1149 2296 ι

339 2291 933 2396 legeret.EgregiaimperiiRomani
944 2315 1115 2394 tempora,

365 2393 462 2470 uibus
469 2395 625 2497 Princeps
633 2395 802 2496 optimus,
815 2391 1112 2495 optimiPrincipra

338 2421 450 2582 ilius,
474 2495 648 2596 optimos,
667 2495 727 2593 qui
740 2491 979 2582 succederent,
1004 2493 1114 2570 valuit

339 2593 407 2679 dest
433 2602 531 2668 nare!

369 2734 375 2740 ·
393 2621 449 2767 lit
460 2693 504 2769 de
511 2689 694 2770 successore
703 2689 915 2768 inincertum
926 2695 1112 2772 volvrmtur

340 2795 537 2898 Principum
557 2792 705 2870 consilia.
731 2795 830 2870 Dum
855 2798 1021 2896 Trajanus
1043 2798 1111 2870 vir-

340 2917 412 2968 tute
431 2893 606 3066 provisum
626 2895 772 2994 imperio
794 2895 955 2990 volebat,
981 2897 1112 2974 artibus

347 2571 353 2578 ι

339 2989 407 3071 sese
447 3019 573 3066 ortunae
598 2991 765 3070 inserebat
785 2995 986 3074 Hadrianus.
1024 3000 1111 3078 Jam

339 3093 472 3172 dudum
496 3094 610 3170 Princi
635 3094 661 3170 is
679 3091 833 3172 favorem
856 3097 1111 3200 aucupabatur,

339 3195 545 3274 &virtutum
663 3195 836 3286 ulatione,
848 3209 909 3290 &,
924 3199 1015 3298 qnod
1030 3199 1109 3299 ple-

338 3325 483 3399 rumque
505 3297 647 3375 validius
666 3299 736 3390 est,
761 3297 923 3376 vitiorum
937 3299 1109 3374 amulam.

334 3397 443 3476 Fuirre
472 3401 566 3475 enim
588 3399 850 3497 ijano.ritia
877 3397 968 3478 haud
995 3399 1110 3476 filebit

336 3496 592 3602 Histouapnec
616 3529 698 3578 eum
717 3499 873 3600 humanae
897 3501 1108 3596 conditionis
