2725 4717
336 628 414 693 naa
472 618 712 697 narrum
741 640 1044 693 cnuouoroc:

204 761 331 807 cass-:2¹2
345 738 557 815 voluntatem
572 750 607 814 &
624 736 823 814 facilitatem
836 739 1010 814 indidere.
1038 740 1138 818 Jam'

215 828 287 879 Ν·
299 828 331 877 C·
347 840 487 914 ardebat
505 840 604 913 miles
618 838 690 915 suas
707 843 793 915 vires
808 842 974 943 experiri,
998 838 1134 913 ulcisci

244 914 311 1057 ξμς·
349 967 477 1015 veteres
490 941 653 1041 injurias,
676 944 712 1017 δέ
726 942 939 1042 Principem,
966 942 1133 1039 paternis

236 1130 239 1139 Ι
249 1036 316 1150 38⁰⁸
348 1038 478 1140 suisque
491 1041 620 1115 bellicis
633 1038 727 1115 factis
738 1040 924 1129 illustrem,
948 1040 1132 1141 triumphi

246 1194 248 1199 -
348 1140 456 1243 glorii
473 1134 719 1217 condecorare.
741 1144 793 1216 At
810 1144 1001 1241 Trajanus,
1025 1141 1133 1213 resti-

347 1240 420 1315 tuti
440 1240 579 1313 militari
594 1240 768 1343 disciplina
788 1243 902 1329 latus,
927 1268 985 1315 eos
1000 1265 1129 1315 motus
1228 1278 1229 1296 κ

348 1340 561 1443 composuit,
586 1342 623 1413 in
637 1342 703 1414 hoc
717 1367 792 1415 tum
808 1342 925 1414 firmus
937 1340 1035 1413 illam
1051 1338 1130 1415 else

349 1468 465 1516 veram
474 1441 670 1542 Principum
679 1442 836 1545 gloriam,
846 1467 884 1515 ut
894 1469 956 1515 nec
968 1442 1127 1515 timeant

349 1542 462 1631 bella,
486 1569 549 1615 nec
563 1567 759 1642 provocent.
784 1543 918 1615 Altiore
930 1541 1043 1614 adhuc
1059 1542 1127 1615 de-

351 1641 522 1717 tinebatur
549 1641 658 1715 curi:
690 1669 815 1743 nempe
839 1668 929 1715 trans
951 1642 1126 1716 Rhenum

348 1744 515 1817 intestinis
545 1742 680 1815 diffidiis
715 1743 887 1817 laborabat
918 1744 1121 1831 Germania.

276 1890 278 1893 ·
343 1846 521 1932 Brulleri,
538 1842 655 1915 vicinis
668 1842 862 1919 nationibus
872 1841 992 1930 invisa,
1012 1869 1127 1941 nuper

345 1943 485 2017 'fuerant
509 1941 643 2015 sedibus
669 1942 754 2044 pulsi
783 1972 820 2015 ac
849 1944 982 2046 penitus
1009 1941 1123 2017 excifi.

349 2046 454 2141 Super
467 2038 635 2142 sexaginta
649 2043 757 2115 millia
772 2072 843 2117 non
858 2044 959 2117 armis
974 2041 1122 2142 telisque

349 2142 549 2229 Romanis,
580 2139 641 2228 sed.
666 2140 726 2216 suo
751 2141 875 2234 furore·
891 2142 1009 2250 suique
1036 2143 1123 2215 odio

338 2240 553 2317 ceciderant.
586 2240 715 2317 Melius
732 2244 913 2345 utiliusque
930 2242 1040 2319 visum
1059 2268 1124 2343 per

336 2342 412 2429 -has
439 2340 620 2416 discordias
666 2342 802 2417 rallatit
823 2342 927 2444 longi
952 2346 1124 2416 ostentare

338 2442 511 2533 bellum,
537 2453 573 2518 δι
592 2442 661 2517 sola
682 2446 834 2518 Romani
856 2444 1004 2517 nominis
1028 2440 1123 2516 famei

324 2542 568 2623 ¹ferocillrmas
595 2566 713 2639 gentes
743 2543 967 2641 compescere.
1011 2543 1124 2636 Quod

350 2638 494 2739 quidem
510 2638 557 2711 ita
568 2636 696 2739 valuit,
720 2662 757 2712 ut
767 2667 959 2739 numquam
975 2641 1123 2715 securio-

349 2768 404 2815 res
431 2736 557 2813 fuerint
583 2738 720 2843 imperii
746 2738 857 2830 fines,
886 2738 966 2813 crim
992 2766 1123 2817 terrore

352 2865 579 2913 munirentur.
623 2876 625 2881 ¹

217 2998 336 3045 533
401 2942 434 3010 C
445 2964 603 3009 onuerr
616 2964 665 3009 us
680 2938 846 3014 Palma&
858 2937 965 3013 Sofius
978 2942 1126 3017 Senecio

212 3039 292 3127 iu.
304 3035 562 3122 c„consulatum
585 3036 703 3111 iniere.
732 3040 839 3132 ,Quod
857 3039 898 3112 iis
918 3040 1037 3114 datum
1057 3042 1125 3115 hu-

250 3164 313 3226 852.
353 3138 517 3213 manicare
540 3137 726 3241 Principis,
751 3166 828 3215 tum
850 3166 888 3213 ut
911 3142 1122 3240 privatorum

241 3258 267 3310 J.
284 3260 314 3309 c.
353 3241 469 3315 virtuti
489 3239 580 3313 locus
601 3268 638 3313 ac
657 3242 793 3341 praemia
812 3266 1017 3329 manerent,
1044 3267 1122 3315 runa

200 3404 201 3407 ,
258 3357 305 3410 99·
352 3367 391 3415 ut
415 3340 537 3443 infigni
564 3340 721 3440 exemplo
747 3365 876 3441 pateret
899 3337 1029 3414 murata
1054 3339 1121 3416 elle

352 3466 527 3543 tempora,
546 3440 667 3538 quibus
678 3439 789 3513 Princi
813 3466 847 3514 es
861 3440 1049 3519 consulatus
1065 3468 1127 3547 eug

344 3542 558 3648 'torquebant
576 3550 612 3622 δι
628 3542 746 3620 contin
812 3563 882 3651 aaut·¹
