2725 4717
327 670 404 751 '174
453 655 698 731 Arranorx
726 670 1021 735 cunonouocl

201 816 318 863 ῃ
333 806 471 881 preces,
492 776 640 851 multum
660 776 876 849 lacrimarum
893 774 1010 852 fudit-2
1028 774 1112 852 toti

201 881 275 934 Ml·
287 886 320 936 C·
334 879 464 953 actione
483 876 600 977 (quod
620 886 655 951 ὅτ
675 876 892 952 favorabilius
912 889 949 952 &
970 879 1111 975 tutius)

229 970 295 1037 ⁸55·
335 980 505 1079 deprecari
533 1006 590 1051 ma
627 1006 671 1067 s,
703 979 808 1078 qualm
834 976 978 1052 defendi
1003 978 1111 1053 visus.

225 1061 303 1196 ἱόξ·
334 1078 516 1155 Absolutus
532 1081 578 1152 est
591 1006 757 1153 ignentia
776 1078 941 1181 designati
959 1078 1112 1154 consulis

285 1180 294 1199 ⁰
333 1178 468 1255 Afranii
492 1178 625 1253 Dextri.
660 1178 805 1253 Censuit
826 1179 1111 1271 «liberandum,

334 1282 422 1382 aqui
439 1282 476 1352 in
494 1281 559 1353 hoc
575 1308 680 1381 genus
699 1279 804 1382 culpa
821 1308 893 1353 non
913 1278 1036 1353 fraude
1054 1282 1113 1353 in-

334 1379 518 1468 acidillet,
543 1381 697 1481 nihilque
719 1382 865 1483 dignum
888 1381 1113 1455 animadver-

293 1501 297 1507 '
334 1480 631 1556 asroneadmisrffe
644 1484 947 1572 convinceretur».
967 1480 1114 1557 Adsen-

335 1584 450 1659 serunt
466 1608 586 1655 omnes
608 1586 726 1684 pr'aeter
745 1582 896 1655 flavium
909 1582 1058 1683 Aprum.
1079 1588 1114 1656 ls

341 1683 647 1757 «interdicendum
660 1681 811 1757 Tuscillo
825 1682 1111 1756 advocationibus

337 1787 402 1858 »in
417 1785 721 1884 quinquennium»
740 1782 879 1857 censuit.
917 1786 1111 1857 Neminem

339 1885 536 1959 auctoritate
548 1882 604 1956 sud
614 1886 723 1958 traxit.
740 1881 989 1985 Aquibusdam
1006 1886 1112 1958 etiam

340 1985 582 2074 reclamatum,
594 1985 672 2058 clun
682 2044 694 2074 ,
706 1984 837 2087 prolatal
847 1985 922 2087 lege
935 1985 980 2059 de
995 1985 1113 2060 senatu

342 2085 521 2173 babendo,
532 2086 703 2159 Dextrum
715 2094 825 2184 jurate
835 2087 974 2188 coegit«
984 2115 1004 2159 e
1016 2114 1113 2189 repu-

341 2183 457 2258 ablica
476 2183 563 2273 else,
582 2186 677 2285 quod
691 2184 910 2260 censuisset».
925 2187 1113 2287 Nigrinus,

301 2352 303 2356 .
342 2286 496 2383 tribunus
510 2284 647 2389 plebis,
659 2286 739 2361 clun
751 2315 821 2360 non
836 2287 1018 2360 hominem
1031 2346 1043 2377 ,
1056 2284 1113 2361 sed

341 2389 466 2463 virium
478 2410 655 2562 argueret,
675 2389 748 2491 plus
762 2387 921 2461 obtinuit.
942 2388 1113 2462 Recitavit

227 2488 233 2497 '
344 2489 502 2564 libellum
539 2487 973 2590 isertum&gravein,quo
982 2490 1115 2589 questus

345 2590 553 2663 estoevaenire
578 2588 837 2676 advocationes,
866 2589 988 2661 vaenire
1011 2590 1113 2663 etiam

343 2726 366 2758 a
396 2688 677 2782 raevaricationes3
694 2690 731 2761 in
743 2686 820 2760 lites
832 2688 936 2760 coiri:
955 2698 991 2763 δι
1003 2688 1115 2791 gloria

372 2720 453 2864 loco
473 2790 555 2893 poni
576 2816 617 2865 ex
635 2788 748 2893 spoliis
772 2788 898 2863 civium
921 2816 1065 2891 magnos
1081 2800 1115 2865 &

347 2895 473 2960 ‚natos
493 2891 620 2963 reditus
631 2922 673 2962 a:
696 2890 830 2963 addidit
848 2891 956 2993 capita
975 2890 1115 2993 legum,

349 2988 530 3061 admonuit
548 2986 933 3084 senatusconsultorum
952 3001 988 3065 &
999 2993 1037 3064 in
1050 2990 1115 3065 fine

350 3088 462 3163 dixitu
491 3087 656 3163 etendum
669 3089 713 3163 ab
726 3090 861 3193 optimo
872 3092 1048 3193 Principe,
1061 3117 1116 3182 ut,

349 3190 458 3292 aquia
468 3113 578 3293 legeb,
591 3190 961 3291 quia-senatusconsulta
970 3217 1118 3265 contem·

350 3316 557 3379 anerenrur,
575 3290 644 3393 ipse
661 3295 761 3367 tantis
776 3295 866 3366 vitiis
881 3293 1117 3369 mederetur».

352 3398 478 3465 Paucos
506 3395 578 3493 post
601 3392 674 3466 dies
700 3391 818 3466 allatus
847 3392 936 3469 libet
959 3394 1118 3495 Principis

353 3491 506 3579 severus,
524 3502 691 3567 &tamen
708 3492 912 3579 moderatus.
936 3495 1117 3608 Egregium

356 3588 420 3667 fuit
439 3614 774 3693 temperamentum,
797 3620 869 3695 quo
894 3594 1037 3674 avantiae
1060 3610 1121 3697 ocg

347 2828 370 2859 ³)
