2725 4717
334 616 405 683 162
461 606 1035 686 Appianxx-cmoaocoaz

205 756 325 805 mm.
336 731 419 806 rude
440 730 616 832 ingenium
632 739 666 803 &
682 729 917 808 machinarum
936 732 1106 833 inopiam}

207 829 240 881 A.
251 832 281 881 ⁰·
293 830 325 881 ⁰·
337 836 413 933 Ejus
427 829 523 905 usum
537 828 689 930 artesque
705 829 929 932 superioribus
944 834 1113 907 adversis.

233 914 301 980 ⁸55·
337 932 579 1006 Domitianum
590 930 687 1005 bellis
696 932 786 1003 Daci
797 931 1000 1006 didicerant.
1013 936 1103 1011 Jam-

207 1025 210 1031 '
229 1004 305 1143 ³1⁹⁶ss
336 1060 402 1133 que
421 1035 602 1107 castrorum
621 1057 737 1104 muros
753 1058 827 1133 pars
846 1032 952 1115 ariete
971 1036 1104 1133 quatie-

289 1123 300 1149 '
334 1134 415 1223 bat,
441 1134 525 1207 dum
543 1131 599 1205 alii
616 1130 742 1233 sagittis
756 1134 932 1206 Romanos
956 1159 1102 1235 petunt,

335 1236 397 1335 qui
410 1260 429 1308 e
443 1260 620 1308 murorum
631 1226 766 1316 summo
777 1234 987 1335 propinquos
998 1236 1103 1308 hostes

332 1346 371 1411 &
390 1336 563 1425 machinas
575 1334 718 1409 obruere
734 1359 908 1407 conantur.
934 1336 1012 1407 Ubi
1021 1338 1104 1407 Tra-

250 1511 254 1515 .
335 1435 429 1537 janus
443 1438 622 1510 castrorum
636 1433 864 1528 neceffitatem
877 1434 1010 1509 audivit
1019 1494 1034 1525 ,
1048 1438 1104 1507 sta·

336 1532 402 1610 tim
433 1526 600 1639 prosedas
628 1537 705 1625 est',
730 1563 836 1637 opem
862 1534 989 1609 laturus
1004 1548 1103 1631 ;·&,

337 1664 382 1711 ne
403 1638 650 1725 retardaretur,
674 1646 826 1735 jumenta
838 1636 1103 1739 impedimenta·

335 1764 407 1839 que
434 1740 573 1814 navibus
601 1736 787 1837 imposita:
817 1735 887 1839 ipse
913 1764 996 1809 cum
1022 1736 1104 1810 leur

338 1840 466 1913 ducum
489 1838 707 1935 militumque
732 1863 836 1910 mauu
858 1864 984 1933 navem
1009 1836 1105 1909 cons·

340 1939 479 2028 cendit,
507 1940 674 2037 castraque
694 1942 797 2010 noctu
816 1962 981 2038 penetrat.
1010 1940 1104 2010 Tum

339 2062 532 2127 terrorem,
559 2065 629 2137 quo
656 2031 743 2109 nihil
767 2035 923 2110 adversita
947 2036 1105 2111 barbaros

340 2138 480 2213 validius
500 2136 741 2233 ,intendens,
768 2136 934 2239 ptaemillis
959 2136 982 2209 s
1040 2137 1106 2211 ula·

337 2238 518 2313 toribus&
533 2238 688 2339 equitum
704 2237 816 2324 narmi
829 2238 865 2310 in
879 2263 951 2312 cata
1001 2244 1106 2312 rados

341 2343 569 2413 Sarmatarum
596 2339 727 2439 equites
753 2339 922 2441 impetum
948 2266 1043 2413 sicit.
1078 2340 1105 2411 li

339 2438 526 2543 improviso
544 2437 675 2513 adsultu
694 2440 917 2529 consternati,
938 2438 975 2511 in
988 2436 1104 2540 sugam

303 2578 305 2583 ·
339 2564 540 2627 vertuntur,
561 2540 674 2640 paucis
690 2563 819 2611 temere
833 2549 902 2613 &e
918 2537 1104 2641 longinquo

338 2639 475 2741 sagittas
493 2636 756 2739 ejaculantibus:
776 2636 858 2726 alii,
884 2638 972 2711 dum
995 2640 1104 2741 praecif-

344 2741 407 2842 piti
437 2737 532 2815 cursu
558 2737 720 2842 lugiunt,
749 2736 954 2840 procidunt,
977 2748 1038 2829 ἃ,
1061 2739 1105 2811 oli

343 2868 520 2913 armorum
541 2840 673 2940 pondus
692 2839 735 2911 ad
754 2836 999 2941 resurgendum
1016 2841 1104 2914 inva-

343 2938 428 3024 lidi,
450 2964 616 3035 equotum
675 2938 775 3011 dibus
788 2964 1015 3040 proteruntur.

349 3072 357 3085 ·
395 3038 594 3111 Riviusrs
626 2964 918 3139 spiculatoribus,
947 3042 1107 3141 Trajanus

347 3136 385 3211 id
409 3139 562 3241 accepit,
588 3162 773 3239 antequam
793 3140 830 3212 in
850 3140 995 3224 hostium
1016 3140 1107 3215 cons·

390 3244 483 3313 ctum
510 3236 661 3313 venisset.
711 3242 814 3315 Haud
838 3240 920 3315 dato
948 3245 1104 3343 temporis

384 3341 476 3428 atio,
493 3364 530 3412 ut
545 3340 658 3428 Daci,
674 3340 734 3439 qui
752 3342 900 3415 vicinam
919 3340 1032 3416 filvam
1050 3372 1106 3416 oc·

345 3439 538 3537 cupabant,
560 3438 700 3531 consilio
724 3436 849 3542 fugite
871 3440 969 3516 saluti
993 3443 1106 3527 consu-j

344 3534 481 3633 luent,
502 3540 540 3617 in
563 3564 621 3615 eos
642 3540 784 3638 immise
802 3543 980 3644 equitem,
1007 3569 1107 3647 quem
