2725 4717
245 1032 320 1158 'aas

339 632 412 698 ro4
460 602 698 679 Attrunrx
729 614 1035 677 euronotum

168 765 171 772 “
192 754 326 873 ffi
336 726 501 803 heredem
519 705 580 797 fibi
601 722 770 797 Caesatem
788 721 877 813 esse,
900 719 1135 797 alieniffimae

237 908 304 971 840.

227 999 242 1049 J
273 1001 295 1050 C

339 821 1135 903 confiscabanturhereditates.Acerbibsadhuc

341 928 500 1029 agebatur
516 924 610 997 fiscus
624 924 805 1018 Judaicus3
823 921 1133 1019 deferebaturque

341 1029 573 1127 quicumque,
595 1024 650 1098 vel
673 1022 907 1125 improfessus,
930 1020 1136 1102 iudaicam

340 1128 570 1202 innavtbem
582 1125 711 1199 viveret
722 1126 827 1199 vitam
838 1180 849 1211 ,
861 1122 917 1194 vel
930 1120 1135 1196 dissimula-

338 1226 514 1327 tiorigine
522 1282 533 1315 ,
555 1225 711 1327 imposta
722 1226 816 1331 genti
830 1224 956 1297 tributa
969 1240 1048 1295 non
1060 1248 1133 1322 pe-

338 1324 516 1450 pendisset.
532 1326 606 1398 Nec
624 1325 849 1399 abstinebatur
868 1322 1132 1410 contumeliis,

302 1476 305 1482 ·
339 1454 378 1503 ut
392 1424 610 1527 inspiceretur
623 1452 666 1497 an
681 1426 757 1525 quis
771 1423 851 1499 esset
864 1421 1130 1496 circumsectus.

395 1530 480 1599 His
531 1524 673 1625 quidem
715 1523 945 1597 atrocitatibus
976 1543 1129 1597 crevere

340 1652 424 1726 opes
451 1625 625 1739 Principis.
660 1622 711 1696 At
734 1624 836 1697 militi
867 1651 936 1696 non
966 1624 1131 1697 redierat

342 1726 683 1825 virtus.·Amb1guum
698 1723 918 1826 semper,-aut
941 1720 1127 1795 fitnestum
1218 1752 1219 1771 2

342 1852 423 1899 cum
453 1826 558 1898 Dacis
592 1823 722 1897 beilum
750 1854 758 1895 ι
785 1824 935 1897 invalido
956 1821 1126 1897 adversus

343 1925 491 2011 hostium
506 1921 689 2013 ferociam,
704 1922 863 2023 ducisque
879 1948 976 2009 artes,
995 1922 1125 2025 Oppio

344 2024 496 2109 Sabino,
545 2025 579 2094 ui
603 2047 677 2094 tum
706 2022 864 2095 Moefiam
891 2021 1040 2122 regebat.
1073 2020 1126 2094 Ni

346 2117 417 2194 sors
439 2050 591 2216 favisiit,
615 2146 707 2195 certa
727 2150 863 2222 quoque
886 2121 1018 2210 Flacci,
1047 2123 1125 2195 Nu·

345 2220 462 2307 midiae
499 2221 688 2321 praetoris,
713 2222 820 2295 ruina.
864 2219 1079 2295 Nasamones
1110 2276 1123 2309 ,

346 2322 443 2421 qubd
466 2321 600 2395 tributis
616 2345 869 2409 attererentur,
895 2347 988 2395 arma
1016 2347 1124 2421 cepe-

342 2447 451 2511 rant,
479 2422 658 2521 quaestotes
677 2450 719 2497 ue
745 2416 993 2495 interfecerant.
1020 2421 1122 2494 Dein
1216 2500 1217 2503 Ἴ

348 2523 504 2596 Flaccum
543 2451 718 2619 aggresi,
761 2545 869 2615 eoque
916 2517 1074 2619 superato
1109 2572 1123 2609 ,

349 2620 458 2692 castris
471 2617 591 2716 potiti,
613 2616 700 2691 forte
712 2616 761 2687 ibi
776 2640 892 2716 praeter
905 2618 1032 2691 cibaria
1044 2620 1121 2693 vini

351 2718 486 2821 copiam
506 2742 685 2820 reperere,
707 2714 774 2817 qui
793 2714 989 2813 ingurgitati
1005 2745 1044 2789 ac
1068 2744 1123 2793 τε·

352 2818 535 2903 molenti,
569 2846 588 2889 a
611 2817 727 2893 Fiacco
753 2814 983 2889 internecione
1012 2815 1122 2893 deleti

350 2916 438 2989 sunt.
462 2917 649 2986 Fortuitam
666 2917 842 2987 vicioriam
862 2912 933 2989 suas
947 2914 984 2986 in
1001 2914 1120 2992 laudes

352 3012 573 3087 Domitianus
603 3015 729 3103 traxit,
782 3014 919 3087 loriarus
941 3016 978 3086 in
1002 3014 1121 3092 senatu

345 3112 422 3187 ase
443 3109 690 3188 Nasamonibus
712 3114 780 3189 vita
804 3112 1054 3189 interdixisse».

228 3208 345 3258 Ξ
395 3215 791 3315 Dourrraqungusto
800 3216 899 3304 XIV,
911 3218 951 3287 L.
961 3211 1117 3289 Minucio

227 3284 259 3336 Δ.
270 3282 300 3329 U.
312 3278 345 3327 C.

225 3374 227 3378 '
252 3372 317 3434 841.

250 3468 276 3517 J.
291 3464 323 3515 C.

264 3556 314 3619 88.

356 3312 449 3389 Rufo
463 3313 663 3389 consulibus.
675 3314 958 3413 OpesPrincipis,
977 3315 1119 3413 privata-

355 3442 433 3487 rum
441 3413 656 3488 fortunatum
666 3410 932 3489 subversionibus
944 3438 1116 3513 reparata,

354 3512 587 3615 inspeetacua
596 3515 709 3601 statim
721 3513 797 3593 sunt
809 3508 1126 3616 impensaezquibuy
