2725 4717
256 676 258 682 Ι
318 567 396 675 ἳςό
446 569 1003 661 Asr‘rnnrxconosorocs

192 709 311 771 ,ἓξ
324 727 443 776 eorum
455 701 513 801 qui
521 698 663 773 crimine
670 726 826 794 vacarent
836 759 848 791 ,
859 730 930 788 non
939 698 1118 780 tutandis

190 790 308 850 mc·
324 802 556 905 Principibus,
579 798 638 873 sed
655 798 737 872 fisco
748 811 783 875 &
796 801 910 876 aerario
929 803 1112 907 locuple*

184 916 188 921 '
224 882 288 947 ⁸5²·
324 903 639 1005 tandissepertum.
670 900 800 975 Eadem
821 899 887 976 fuir
907 906 1107 980 testamen·

324 1024 439 1081 torum
464 1002 619 1077 securitas
644 1024 652 1072 t
679 1028 743 1075 nec
770 1029 935 1102 umquam
959 1004 1024 1077 nisr
1050 1006 1103 1080 ab

220 1070 266 1141 Ὢ

265 1107 274 1125 ’
321 1104 440 1181 amicis
448 1104 605 1203 Princeps
617 1098 757 1203 scriptus
770 1104 817 1178 est
827 1103 924 1179 heres
938 1132 946 1175 :
960 1105 1102 1184 amicus

320 1230 437 1281 sutem
458 1224 590 1291 nemo,
615 1200 677 1275 nisr
694 1202 830 1291 bonus,
856 1202 919 1277 nisr
937 1206 1098 1281 constans

320 1316 358 1383 &
370 1306 513 1408 integer.
540 1302 682 1378 Civium
702 1304 785 1377 resti
804 1331 842 1376 ac
857 1304 964 1379 vividi
981 1306 1098 1384 animi

319 1402 324 1409 ι

319 1406 499 1584 {Iacebant
516 1390 552 1481 &¹
571 1401 785 1479 fovebantur.
809 1404 855 1476 Hi
878 1404 1070 1481 honoribus
1081 1465 1097 1499 ,

337 1507 537 1595 acerdoriis,
552 1504 733 1606 provinciis
746 1502 998 1580 attollebantur.
1018 1510 1095 1584 Ce-

319 1621 395 1685 tera
418 1606 555 1711 imperii
579 1604 680 1679 srrnili
704 1606 866 1708 gravitate
892 1607 1095 1710 composrta.

320 1712 419 1783 Tum
441 1707 551 1784 visum
572 1708 640 1798 est,
666 1706 766 1807 quod·
784 1733 973 1808 numquam
998 1708 1097 1811 priris

321 1809 500 1885 annalibus
522 1832 782 1896 memoratum,
808 1809 941 1881 utinam
964 1808 1097 1909 quanti

321 1911 547 1985 admiratione
559 1902 653 1981 tant‘a
662 1906 877 1983 aemulatione
889 1910 1002 2012 postea
1014 1938 1096 1995 mer

318 2018 495 2085 moretur!
517 2008 610 2082 Urbs
635 2006 706 2082 srne
730 2007 892 2100 censura,
918 2008 987 2084 stne
1010 2038 1095 2113 prae·

320 2105 886 2211 fe&urimorum,solisPrincipis
897 2110 1096 2202 beneficiis,

318 2209 399 2299 solis
418 2209 596 2284 virtutibus
614 2209 807 2289 emendata.
831 2212 965 2313 Vulgus
979 2210 1095 2313 ipsum

316 2310 486 2415 'Principis
514 2309 697 2484 disciflinae
723 2338 826 2412 capax
855 2321 892 2387 &
920 2312 1097 2388 aemulunr.

209 2499 212 2505 ,
322 2414 340 2488 l
363 2410 437 2487 surn
457 2412 578 2515 puduit
611 2440 659 2486 uae
681 2410 843 2507 lasciviae3
863 2414 1039 2512 oravitque
1055 2438 1098 2488 ut

321 2442 550 2614 [gesiaculum
563 2514 877 2613 pantomimorum,
891 2542 911 2585 a
963 2512 1095 2589 iuribus

322 2611 533 2713 Principibus
557 2610 603 2683 ob
627 2610 880 2681 immodestiam
905 2540 990 2713 sibe
1017 2613 1094 2715 pus-

321 2710 421 2803 sum,
446 2708 577 2815 semper
591 2706 748 2815 apopulo
762 2708 970 2809 repetitum,
992 2714 1097 2788 tolle·

326 2840 429 2890 retur.

374 2914 411 2985 N
421 2934 518 2981 rurs
539 2936 677 3009 quoque
701 2908 883 2984 omittebat
903 2906 1099 3013 Trajanus'3

326 3036 395 3111 quo
424 3004 493 3109 ipse
521 3010 658 3100 carior,
691 3009 833 3124 Populus
862 3010 968 3085 laetior
994 3012 1097 3088 foret.

324 3110 524 3199 Palatium,
557 3136 672 3185 arcem
696 3109 793 3183 illam
820 3110 1096 3205 dominationis,

317 3232 433 3313 'quam
456 3215 659 3309 publicorum
688 3214 796 3284 adium
823 3215 964 3288 nomine
996 3214 1095 3288 divus

230 3368 234 3378 .
326 3316 443 3388 Nerva
461 3322 530 3412 jam
549 3310 781 3414 inscripserat,
802 3312 977 3412 publicum
997 3312 1096 3389 fecit.

325 3416 440 3503 ¹Paruit
458 3414 643 3487 omnibus:
662 3411 713 3486 ibi
732 3414 887 3512 Princeps
908 3414 1012 3487 cuivis
1029 3415 1095 3487 ob-

319 3512 427 3603 uius,
452 3540 523 3589 non
540 3511 787 3591 aditutantirrn·
807 3510 939 3607 facilis,
961 3511 1023 3589 sed
1041 3514 1094 3595 in-¹
