2725 4717
328 606 739 667 'cuuouoroorcuur
766 589 910 662 Nora.
970 615 1036 683 393

268 709 365 792 ruisse,
377 710 496 789 ur'pueri
507 708 586 790 usque
597 706 635 769 ed
646 705 780 770 decimum
791 707 911 770 artavum
921 753 930 783 ‚
940 705 1040 784 puella
1054 717 1170 800 Ξ

268 790 351 870 usque
367 788 677 866 adquartumdecimum
691 788 814 852 alantur.
840 785 880 849 Et
896 785 1038 864 hancfor-
1052 822 1082 874 Α,
1094 820 1175 870 Μ..

267 888 340 930 ruam
359 870 394 931 ab
412 867 558 930 Hadriano
573 867 666 930 datum
679 867 872 930 obervandam
884 866 1036 944 Imperator
1060 895 1089 967 ‘8
1112 911 1129 961 5

267 947 356 1030 noster
376 949 561 1026 (Alexander
577 949 693 1009 Severus
735 945 877 1029 rescripfir.
1095 921 1141 978 ἵ·

308 1027 379 1088 Sunt
390 1027 524 1112 fortequi
539 1030 672 1089 mirentur
687 1045 744 1089 tam
758 1049 849 1109 pauca
866 1025 1037 1105 aTrajano,
1073 1009 1096 1059 J·
1113 1008 1145 1059 C·

266 1106 452 1168 liberalissimo
461 1107 612 1190 Principe,
632 1108 764 1188 inopibus
772 1107 931 1171 Veleiaturn
943 1109 1037 1186 pueris
1086 1109 1150 1170 ¹03·

266 1185 346 1247 fuiffe
366 1186 438 1248 data.
468 1188 508 1250 At
528 1189 548 1247 ii
572 1209 632 1246 non
655 1186 799 1248 attendunt
822 1186 880 1248 hac
900 1185 964 1246 data
984 1184 1039 1247 effi·

267 1269 301 1326 in
320 1267 476 1343 alimenta,
493 1287 553 1327 nou
571 1269 638 1326 verd
655 1267 826 1326 investitum
843 1263 914 1326 alias
928 1287 963 1326 ue
978 1268 1040 1326 vitae

267 1345 500 1423 commoditates3
512 1367 530 1405 a
541 1345 912 1426 prudentissimoPtincipee
934 1345 1039 1422 edata,
1107 1367 1113 1378 ¹

227 1455 231 1462 ·
291 1427 322 1484 ui
337 1423 425 1485 noiset
441 1427 470 1486 in
484 1427 612 1484 maximis
626 1422 887 1506 opulentiffimisque
901 1427 939 1485 im
961 1427 1037 1499 eriis,

265 1445 385 1598 iopes
408 1504 548 1598 aqualiter
569 1505 699 1564 omnibus
721 1503 901 1594 dividantur,
926 1447 964 1563 iiii
986 1507 1039 1564 ulis

264 1602 453 1666 perexiguam
470 1603 633 1667 conungete
649 1605 739 1666 opum
758 1586 928 1664 portionem.
977 1603 987 1643 t
1002 1605 1040 1644 ne

265 1681 319 1724 aut
340 1683 452 1736 vetera,
479 1682 527 1724 aut
548 1683 683 1737 externa,
707 1684 862 1724 memorem
884 1665 1041 1742 exempla,

292 1746 334 1802 uis
353 1745 362 1802 i
385 1746 514 1806 notatio
539 1744 632 1803 nostri
657 1741 774 1819 Galim,
799 1743 868 1804 terti
890 1759 930 1802 tot
951 1763 1042 1822 opum

266 1763 454 1899 {enodasti
475 1843 571 1884 annua
588 1843 677 1904 opum
698 1821 824 1898 summa,
843 1840 905 1906 qute
919 1818 1042 1882 consult&

266 1902 417 1964 estimatur
427 1901 552 1965 'Gallica
567 1921 687 1963 monetae
705 1903 780 1963 libris
789 1919 1044 1978 †2,4oo‚ooo‚000,

265 1984 303 2043 in
315 1979 422 2065 fingula
439 1987 530 2065 capita
542 1983 683 2067 aqualiter
700 1983 853 2058 dividatur,
873 1982 917 2043 vix
928 1979 1042 2064 singulis

268 2060 424 2146 obtingunt
435 2063 598 2202 infinqulos
609 2063 668 2123 dies
685 2061 752 2124 aises
766 2064 828 2145 62,
843 2060 890 2122 seu
907 2081 937 2122 ut
955 2057 1042 2142 vulgd

267 2141 414 2224 loquimur
432 2141 498 2204 affes
526 2145 573 2204 eni
593 2162 658 2204 cum
677 2145 788 2204 odionis
805 2141 933 2203 denariis.
958 2139 1042 2202 Aded

182 2249 196 2256 ·
269 2221 574 2284 umencutusortunt
588 2225 707 2295 vivitur,
731 2223 838 2282 vestitus
851 2222 984 2282 habitatio
1007 2241 1043 2293 ue

270 2321 431 2386 parantur,
456 2301 589 2361 tributum
612 2297 742 2374 solvitur,
771 2303 833 2360 vitae
848 2242 1046 2360 neceffitadius

271 2400 360 2464 atque
382 2383 467 2441 etiam
485 2378 671 2460 voluptatibus
692 2378 769 2438 indul
791 2397 860 2440 etur.
887 2375 923 2437 Et
939 2381 1045 2460 quanto

271 2463 370 2542 plures
395 2457 479 2534 sunt,
503 2461 553 2542 qui
578 2455 700 2539 amplius
724 2398 810 2558 qudgm
831 2454 898 2517 ass'es
921 2459 972 2539 ⁶2⁸5
995 2477 1047 2537 per

275 2540 401 2622 fingulos
409 2538 467 2600 dies
478 2537 662 2621 impendunt,
678 2555 755 2598 tanto
769 2537 862 2620 plures
873 2533 935 2596 sunt
946 2581 955 2610 ,
974 2555 1049 2618 quo-

275 2641 339 2680 rum
352 2622 446 2703 portio
461 2621 610 2696 minuitur3
619 2621 658 2679 ita
668 2637 698 2680 ut
707 2638 772 2699 pars
782 2636 887 2700 magna
897 2613 1049 2676 Gallorum

277 2702 360 2761 ternis
370 2699 496 2783 binisque
506 2697 602 2759 affibus
613 2702 644 2758 in
655 2698 779 2781 fingulos
792 2698 848 2757 dies
860 2699 943 2756 vivat.
964 2694 1050 2756 Adde

276 2782 309 2842 in
321 2780 399 2840 Italia
410 2781 563 2839 maximam
574 2775 628 2836 eise
641 2799 750 2850 rerum,
769 2775 868 2858 quibus
878 2779 934 2835 vita
949 2771 1052 2835 susten·

276 2877 370 2935 tatur,
389 2861 510 2939 copiam.
532 2855 688 2939 Hodieque
702 2854 846 2937 Neapoli,
865 2857 895 2914 in
908 2853 975 2914 urbe
988 2876 1051 2915 ant·

300 2936 418 3014 liffimr,
436 2934 532 2998 artifex
545 2936 583 2995 ali
605 2938 668 3012 uis,
685 2937 743 3010 ejus
760 2957 851 3012 uxor,
874 2939 1051 3018 quatuorque

276 2961 384 3092 iiberi,
411 3013 492 3076 facild
514 2956 685 3101 honeidque
708 3021 825 3093 vivunt,
849 3022 878 3076 δι
903 3018 1051 3078 tamenin

277 3097 402 3182 finguios
428 3091 533 3156 menses
557 3097 603 3177 vir
625 3097 794 3177 impendunt
821 3113 997 3176 quaternos,
1021 3111 1052 3154 ut

280 3180 452 3262 loquuntur,
472 3174 606 3248 ducatos,
626 3173 881 3236 Gallicae'monetae
901 3172 984 3232 libras
1008 3193 1055 3244 17.

280 3256 356 3321 Vide
372 3257 419 3320 CI.
430 3255 466 3316 de
480 3256 509 3314 la
519 3253 640 3328 Lande,v
657 3253 689 3316 V
685 3273 772 3339 oyage
788 3251 853 3314 d'un
867 3247 1003 3330 Fronfois
1019 3272 1055 3312 etr

281 3335 385 3416 italie,
402 3357 465 3418 cap.
481 3356 516 3405 19
523 3381 532 3410 ,
548 3331 710 3408 Tom.Vl,
728 3355 766 3416 pa
788 3375 796 3392 .
810 3353 876 3410 391.
899 3329 1055 3398 Consultis·

282 3415 364 3476 stmus
382 3438 450 3500 ergo
469 3423 498 3475 dr
534 3413 735 3475 rudentiffimus
755 3353 806 3473 ξιτ
819 3409 982 3488 Trajanur‚
1004 3414 1052 3496 qui

283 3496 366 3557 binos
380 3499 512 3556 circitera
535 3515 563 3556 es
584 3497 615 3554 in
630 3496 762 3566 elimenta
782 3492 879 3578 egenis
892 3489 1056 3556 Veleiatum

284 3577 377 3664 puetis
394 3573 642 3718 subministraverit·
882 3649 908 3716 R
932 3674 949 3714 v
981 3611 983 3616 .
