2725 4717
137 661 156 706 ir

344 566 749 658 tunonoroercnsr
784 574 930 651 Nora·
978 599 1051 669 417

282 708 342 765 aar
362 692 398 765 Ρ.’
410 723 477 765 cos.-
497 722 531 765 v.
550 722 577 763 Ρ.
596 720 623 761 Ρ.
636 708 725 779 'eaput
746 698 901 757 laureanrnr
923 692 1052 773 Trojani.
1065 717 1181 763 Ξ

283 778 323 841 In
333 783 445 844 adrersi
452 802 540 864 parte,
547 798 714 843 novrurvs
728 794 881 839 nvovsrr.
893 774 1050 857 Imperator
1064 782 1096 831 A.
1105 784 1136 829 U.
1147 782 1182 833 c.

281 858 317 922 in
333 883 408 945 equo
428 884 493 923 cum
507 862 603 936 hasta,
618 856 744 922 Visiorii
761 874 902 937 praeunte
911 900 921 931 ,
943 854 1050 914 duobus
1090 868 1157 921 860.

282 942 417 1001 militibus
437 939 667 1025 subsequentibus.
683 933 760 997 Insri
771 982 781 1012 ,
801 956 904 1009 sequ
926 954 1051 997 omum
1083 956 1107 1005 J,
1123 954 1156 1007 c,
1215 950 1217 955 ’

283 1038 440 1081 ΗΙΝΕῙΡΙ.
720 1028 724 1045 ’
995 1078 996 1081 ,
1088 1040 1163 1104 pop,

324 1098 480 1162 Praeturam
508 1097 603 1161 iniret.
637 1096 801 1177 Spartianus
825 1096 856 1155 in
882 1092 1031 1155 Hadriano
1039 1112 1053 1170 ·,
1145 1104 1150 1111 ’

282 1199 349 1259 cap.
361 1200 387 1258 3.
404 1180 459 1241 Sed
472 1175 573 1239 erravit
584 1176 615 1237 in
624 1174 781 1255 oonsulibus
795 1178 844 1257 qui
853 1177 1054 1251 nominantur,

284 1258 363 1319 Sura
378 1257 420 1318 bis
436 1256 617 1319 &Serviano
634 1252 797 1335 confltlibus.

285 1360 296 1381 >
326 1335 510 1428 Quadragies
519 1334 682 1417 sestertium.
703 1334 882 1411 Spartianus,
901 1332 967 1397 ibid.
990 1330 1055 1413 Sess

281 1431 401 1477 tertium
420 1415 517 1475 iterum
535 1413 633 1475 vitiet.
652 1411 742 1492 Quod
755 1410 839 1489 efficit
854 1411 970 1474 Gallicas
988 1436 1056 1479 nro-t

283 1511 358 1557 netas
379 1490 461 1553 libras
479 1498 618 1571 778‚315=

301 1611 303 1614 -
327 1572 468 1651 Triumphi
479 1592 586 1649 pompa.
596 1572 630 1631 In
639 1593 757 1633 nurtrrno
769 1592 853 1633 aureo
864 1569 951 1635 Musei
959 1571 1053 1635 Theu-

283 1656 428 1736 politani,
447 1659 515 1713 tur.
534 1671 679 1714 rnnrnuo
700 1670 777 1714 avo.
797 1672 870 1713 orn.
887 1674 958 1714 unc.
975 1675 1002 1714 Ρ.
1015 1676 1056 1715 M.

284 1754 341 1793 rn.
363 1753 388 1795 Ρ.
407 1752 472 1794 cos.
490 1752 524 1792 v.
539 1752 565 1792 Ρ.
579 1752 607 1791 Ρ.
624 1752 708 1813 caput
728 1732 855 1809 Traiani.
883 1734 917 1792 In
942 1734 1055 1795 adversa

283 1834 388 1893 parte,
406 1833 431 1874 s.
441 1832 468 1872 Ρ.
478 1832 509 1883 Q.
518 1832 550 1872 rt.
571 1830 697 1892 oraturo
719 1830 872 1872 narretur.
903 1810 1056 1895 Quadrigas

287 1878 468 1972 niumphaiies
478 1895 625 1974 aurigante
633 1891 821 1971 Imperatore,
834 1891 927 1953 dextri
938 1914 1057 1969 ramum,

286 1970 393 2032 finisttst
407 1970 560 2052 scipionem
577 1990 698 2031 tenente.
726 1971 936 2053 Quamplurinri
964 1992 1058 2034 autent

283 2048 349 2111 sunt
371 2054 478 2111 nummi
501 2050 581 2112 inseri
604 2053 643 2126 ti,
672 2069 737 2112 vrc.
752 2072 824 2112 nnc.
840 2071 887 2112 aut
903 2072 975 2114 nnc.
988 2073 1057 2113 cnr.

284 2130 320 2190 Id
339 2133 400 2207 est,
421 2129 543 2194 Visioria
597 2130 703 2207 aeica,
723 2128 822 2197 Dacia
842 2149 933 2211 capta.
956 2152 1057 2194 uncta

285 2230 430 2276 Avovsrr
450 2231 639 2272 uuovrttetn.
661 2210 733 2293 Aliis
753 2214 784 2271 in
804 2215 947 2287 nummis,
964 2212 1059 2295 spolia

285 2289 414 2363 Dacica,
431 2309 478 2348 aut
492 2291 612 2371 lugentis
630 2286 729 2347 Daciae
746 2291 893 2371 imagines.
919 2292 1058 2373 Singulos

285 2368 417 2451 persequi
431 2366 572 2427 infinitum
590 2365 671 2425 foret.

330 2444 1061 2531 CongiariutnAExstrntnumtnimultiexaetemagno

285 2524 435 2607 inscripti,
458 2543 528 2588 nur.
552 2544 636 2585 cars.
657 2543 787 2584 urnvnr
809 2544 955 2587 rnntnro
980 2546 1061 2591 nvn,

286 2626 391 2670 mnu.
407 2625 479 2665 unc.
494 2625 521 2666 Ρ.
536 2626 573 2665 tu.
589 2623 644 2664 ΡΡ.
660 2620 732 2663 Ροτ.
753 2624 818 2667 cos.
836 2625 869 2667 v.
887 2626 914 2665 Ρ.
925 2626 954 2665 Ρ.
973 2625 1059 2687 caput

286 2685 571 2765 Trajanilaureatum.
583 2684 616 2743 In
624 2683 730 2764 postici
740 2704 817 2765 parte
825 2705 1059 2759 ,cotrornrtrvtn

286 2785 449 2827 uunrrvu.
465 2786 507 2827 se.
525 2768 678 2843 imperator
696 2768 873 2845 congiarium
891 2765 1038 2825 distribuit.
1146 2777 1148 2781 ’

327 2843 491 2916 Pometiam.
499 2833 661 2903 Poinetium
673 2860 690 2899 a
702 2840 831 2919 Trajauo
840 2844 953 2903 austum
963 2844 1064 2907 docuit

288 2921 459 3067 Inscriptio,
477 2943 567 3062 poam
591 2940 729 2981 memorat
751 2920 890 2983 Nicolaus
911 2922 1057 3002 Galeotti,

288 3004 357 3065 Soc.
391 2998 456 3077 esu,
503 2998 620 3081 taurisci
633 2998 772 3065 Ficororzir'
790 3002 913 3066 Gemmae
936 3006 1063 3085 antiquae

289 3082 442 3157 litterato,
453 3102 492 3161 pa
513 3123 521 3139 .
535 3102 599 3152 127.
619 3080 742 3162 Reperta
754 3086 792 3143 est
803 3106 881 3144 anno
894 3106 966 3163 1735
982 3088 1062 3161 juxta

291 3160 469 3223 Coenobium
519 3160 692 3220 onachorum
709 3162 805 3221 Sancti
822 3162 956 3243 Stephani
977 3163 1060 3245 supra
1117 3228 1119 3235 ,

293 3242 413 3303 Cacum.
437 3238 537 3300 Postea
547 3242 646 3321 petiit,
659 3258 691 3298 ut
704 3239 759 3301 dixi
771 3243 803 3301 in
814 3240 898 3301 Notis
911 3248 940 3299 &
953 3242 1059 3303 Emen-

294 3320 451 3383 dationibus
465 3320 501 3380 ad
514 3320 621 3380 Annal.
630 3317 711 3395 XII,
730 3342 764 3399 23
779 3368 787 3395 ,
807 3324 841 3381 in·
857 3324 951 3402 priore
966 3322 1073 3385 Taciti'

296 3400 438 3477 editione,
458 3399 603 3475 Tom.II,
621 3420 689 3491 pag.
705 3418 758 3479 373
774 3399 839 3461 &se
882 3444 890 3460 .

340 3476 454 3543 Centum
460 3478 565 3566 uiginti
575 3497 631 3544 tres
641 3477 713 3547 tiles.
723 3480 783 3559 Dio
796 3422 943 3625 ΙΡΧὭΙΙΧΙ,Ι
952 3502 982 3562 p.
992 3502 1065 3571 772³:

937 3582 953 3627 is
