2725 4717
343 622 411 695 152
464 596 700 669 Ararirnrx
731 613 1018 673 ennouoroci

209 744 327 789 ΞΕ
339 718 467 793 eminet
483 714 643 816 Piincipis
659 718 774 788 virtus.
810 717 851 789 ld
870 720 965 789 enim
986 716 1133 815 sacrani

202 820 239 891 Ἀ·
252 817 282 863 U·
293 814 325 863 ⁶·
340 820 432 892 diam
445 818 532 888 inter
545 825 580 889 &
593 814 825 916 eloquentiam
838 818 995 907 interest,
1012 816 1123 915 quod

234 906 299 1039 {5³0⁸
341 921 408 991 lraec
429 916 650 990 commendet
665 918 829 1007 virtuter,
850 916 911 988 illa
924 946 1123 991 commen-

239 1021 308 1126 1'00J
340 1020 438 1092 detur
459 1016 649 1093 virtutibus.

385 1120 590 1189 lucratu
620 1143 743 1191 venere
769 1114 940 1189 bellorum
968 1114 1124 1186 nuntii:

335 1244 400 1287 nec
412 1216 605 1317 Principem
615 1218 820 1319 imparatum
833 1242 1001 1317 reperere.
1014 1213 1123 1285 Nihil

338 1316 433 1387 enim
462 1318 549 1389 inter
576 1319 664 1418 pacis
694 1319 763 1391 otia
788 1315 942 1389 militatis
971 1314 1119 1388 duritiei

339 1413 499 1489 omiserat
523 1418 715 1517 Trajanus:
743 1414 858 1489 solitus
885 1442 944 1517 per
971 1414 1120 1487 Urbem

338 1511 482 1617 pedibus
505 1516 664 1617 ingredi3
688 1526 747 1605 δε,
767 1516 890 1615 siquid
906 1514 1117 1589 remissionis

341 1618 578 1722 permitterent
615 1616 749 1720 publica
779 1644 820 1689 ne
846 1617 946 1703 otia,
983 1642 1116 1688 venatu

341 1744 626 1819 corpusexercere
641 1774 652 1805 ,
667 1717 801 1789 lustrate
813 1646 912 1789 liltus
926 1772 939 1803 ,
953 1738 1116 1787 excutere

342 1816 510 1889 cubilibus
521 1812 607 1889 seras
623 1872 636 1905 ,
655 1816 808 1919 superare
822 1816 997 1889 montium
1008 1824 1090 1915 juga
1101 1870 1116 1901 ,

341 1914 557 1989 horrentibus
568 1913 711 2016 scopulis
724 1916 867 2017 gradum
879 1914 1023 2002 inserte,
1038 1913 1117 1987 nul·

284 2042 288 2047 '
342 2016 408 2090 lius
420 2042 546 2103 manu,
569 2016 693 2089 nullius
711 2019 850 2117 vestigio
867 2016 1000 2114 adjutus
1013 2044 1023 2084 ι
1035 2039 1117 2103 aur,

342 2112 421 2187 stad
432 2141 524 2188 mate
536 2114 856 2213 diverteret,naves
867 2112 1118 2202 conscendere,

344 2214 578 2314 gubernaculis
595 2216 772 2306 adfidete,
794 2247 873 2291 cum
888 2214 1118 2290 valentissimo

257 2334 260 2339 '
345 2342 483 2415 quoque
503 2314 672 2390 sodalium
686 2319 842 2391 certatim
856 2315 1014 2417 frangere
1031 2314 1119 2388 sluc-

345 2440 420 2505 tus,
440 2415 609 2491 domitare
623 2444 742 2515 ventos
754 2416 979 2507 teluclcantes,
999 2412 1120 2489 remis-

346 2542 413 2614 que
436 2516 648 2591 ttanssretare
672 2519 836 2590 obstantia
858 2514 966 2607 freta..
990 2515 1118 2589 Certus

260 2656 268 2685 t
347 2625 487 2728 corpora
499 2616 571 2687 otio
587 2614 813 2703 marcescere,
840 2615 1007 2689 valescere
1026 2642 1119 2689 exer·

342 2716 456 2817 pitin,
480 2714 644 2791 decorum
660 2713 726 2789 else
741 2715 908 2815 principi,
922 2740 961 2788 ut
975 2714 1032 2789 vel
1046 2724 1118 2813 ejus

345 2816 535 2915 voluptates
547 2814 630 2889 belli
641 2818 846 2891 memoriam
858 2816 1117 2917 imaginemque

264 2976 269 2981 .
346 2912 520 2986 reserant:
543 2916 696 3015 alioquin
720 2918 757 2989 in
782 2915 867 2990 belli
895 2917 1119 3017 cogitationes

348 3012 475 3085 defixus
493 3070 504 3101 ,
529 3012 738 3112 quod'scitet
756 3014 927 3091 summam
943 3018 1029 3088 hanc
1051 3013 1119 3089 effe

348 3114 543 3217 Principum
558 3141 684 3203 artem,
702 3142 739 3189 ur
752 3146 833 3219 pace
844 3116 974 3191 bellum
985 3141 1117 3217 patent,

348 3214 441 3289 bello
457 3216 544 3317 pacis
559 3215 771 3291 securitatem
788 3214 923 3295 faciant.
948 3215 1118 3289 Ceterum

342 3322 471 3417 'cunsla
485 3318 521 3388 in
538 3318 683 3419 imperio
700 3342 795 3391 erant
810 3318 920 3391 valida
935 3346 944 3387 r
967 3316 1003 3387 in
1020 3321 1118 3389 exet·

271 3506 273 3516 p
350 3412 471 3487 citibus
498 3416 700 3517 disciplina,
726 3418 763 3490 in
785 3416 861 3491 soto
887 3416 1053 3515 aequitas,
1078 3417 1117 3491 in

347 3516 531 3621 provinciis
553 3516 790 3613 abundantia,
816 3517 855 3592 in
880 3516 993 3596 aetario
1023 3541 1119 3625 opes,
