2725 4717
292 627 373 698 392·
455 600 917 679 lussAnraunrcrrt

168 746 286 796 Ξ
297 741 356 784 etat
372 742 502 783 numerus
518 724 724 796 metuentium,
745 717 823 784 tantb
836 724 941 782 certior
956 719 1075 800 reditur.¹

167 821 201 871 Α,
211 823 242 870 U.
255 821 298 871 c.‘
338 801 371 862 N
372 823 426 862 unc
436 800 501 864 verb
515 803 604 862 noluit
613 801 747 882 Princeps
761 800 1021 882 providentiffimus
1036 804 1076 861 ita

202 911 269 975 355,
301 881 443 942 consulere
465 883 599 965 egestati,
618 900 649 956 ut
670 887 818 962 parentum
837 880 934 940 officia
956 883 1074 962 penitus

190 968 208 1053 J'
235 1006 258 1055 C
301 961 451 1036 celsarent,
473 959 600 1044 inersque
618 960 785 1040 educaretur=
800 963 939 1038 juventus.
971 961 1074 1042 ltaque

169 1087 173 1094 ·
206 1035 215 1054 ⁰
259 1036 331 1102 ‘'ut
349 1044 448 1122 inopes
471 1041 628 1104 Veleiatum
652 1042 731 1121 pueri
755 1041 911 1133 puellaque
934 1040 1073 1101 alimenta

198 1103 269 1163 103·

299 1125 479 1201 acciperent,
500 1120 614 1204 fingulis
633 1120 764 1202 legitimis
782 1118 848 1178 filiis·
863 1118 1025 1201 adsignavit
1041 1123 1071 1179 in
1109 1123 1117 1140 ⁹

297 1200 420 1282 singulos
428 1197 534 1260 menses
543 1201 659 1261 sedenos
667 1199 810 1275 sestertios,
819 1198 942 1259 Gallitta
950 1217 1072 1260 monerer

218 1301 229 1354 χ
296 1279 387 1341 librar
398 1301 411 1358 3
424 1325 435 1352 ,
452 1300 513 1339 eum
526 1279 621 1367 uffrbirr
632 1303 647 1338 ι
658 1299 671 1353 ,·
695 1279 807 1361 fingulis
817 1278 951 1360 legitimis
963 1278 1074 1338 filiabus

259 1402 263 1410 -
296 1361 328 1422 in
344 1356 468 1441 fingulos
485 1359 590 1420 menses
610 1357 755 1419 duodenos
772 1355 924 1432 sestertios,
947 1357 1074 1420 Gallice

297 1456 417 1500 monem
440 1438 580 1512 librare,
601 1458 662 1498 rum
674 1437 770 1520 ruilus
782 1436 826 1512 6'‚·
850 1437 943 1518 spurio
962 1437 1022 1498 dati
1042 1441 1074 1497 in

295 1516 422 1600 ¹dngnlos
439 1538 529 1579 annos
546 1517 655 1579 sestertii
674 1519 784 1579 centeni
799 1517 978 1600 quadrageni
998 1537 1074 1601 qua-

299 1600 388 1672 terni,
406 1597 528 1660 Gailr‘eae
540 1615 654 1660 monera
666 1595 744 1658 librar
759 1619 814 1670 27,
832 1617 891 1657 cum
903 1596 1004 1678 affibur
1019 1619 1052 1656 12
1058 1617 1073 1670 ,·

299 1675 320 1737 s
334 1681 399 1738 uriae
417 1681 448 1739 in
466 1677 587 1760 lingulos
605 1699 695 1740 annos
713 1679 820 1737 nummi
837 1678 950 1738 centeni
966 1679 1077 1751 viceni,

300 1699 425 1818 damen
469 1776 584 1819 monerer
619 1756 697 1819 libre
722 1779 755 1838 ις
779 1801 790 1830 ,
825 1776 887 1816 eum
917 1755 1020 1840 affibru
1044 1763 1074 1820 6.

300 1835 409 1896 Mirum
448 1836 609 1921 quibusdam
649 1835 756 1896 videtur
789 1882 799 1911 ‚
849 1833 928 1918 qubd
969 1835 1077 1912 Traia·

302 1936 355 1977 nus
377 1916 447 1975 nibil
467 1919 618 2000 illegitimis
638 1918 731 1996 pueris
768 1914 974 1996 adsignaverit,
1007 1915 1073 1977 edm

303 1997 363 2077 ejus
383 1995 530 2057 liberalitas
554 1997 590 2057 ad
612 1995 718 2077 spurios
739 1998 905 2076 perveniret.
938 1995 979 2070 At
1002 1995 1076 2055 forti

198 2137 201 2140 ,
302 2075 379 2155 a‘pud
395 2074 555 2150 Veleiates,
576 2075 612 2135 ab
631 2075 712 2134 Urbe
730 2093 874 2151 remotos,
900 2082 929 2134 δι
951 2096 1074 2158 quorum
1148 2125 1152 2132 .

302 2153 377 2212 lraud
396 2174 501 2235 magna
520 2173 578 2216 erat
596 2155 712 2230 civitas,
733 2153 794 2215 satis
813 2153 864 2214 fult
886 2174 1021 2231 morum,
1043 2174 1073 2215 ur

302 2233 373 2291 nulli
396 2249 462 2293 tunc
483 2237 513 2295 in
533 2233 566 2296 el
584 2253 794 2308 numerarentur
818 2235 960 2316 illegitimi
976 2257 985 2310 ι
1004 2254 1051 2294 aur
1062 2280 1073 2310 ,
1190 2275 1199 2286 -

302 2310 325 2370 fi
339 2313 496 2394 quierant,
514 2314 612 2397 inopil
629 2337 690 2375 non
705 2313 877 2375 laborabant.
898 2307 985 2374 Forte
997 2334 1073 2397 quo-

305 2411 361 2472 que
378 2393 424 2453 ille
445 2397 530 2455 itimis
546 2395 615 2455 nihil
633 2395 711 2470 dedit¹
726 2393 884 2472 Traianus,
907 2415 945 2453 ne
964 2414 1072 2454 concu-

171 2478 175 2496 ¹
292 2471 410 2532 ·binatui
423 2414 550 2549 ἔνετοι,
569 2483 597 2534 &
616 2494 646 2535 ut
663 2493 800 2556 quantum
818 2471 908 2554 pollet
927 2474 1073 2549 conubia,

301 2552 335 2610 in
353 2554 451 2634 quibus
468 2555 557 2634 posita
569 2557 679 2633 imperii
694 2555 734 2614 vis
749 2561 777 2614 δι
792 2551 937 2626 saneiitas,
955 2551 1072 2614 fureret.

188 2681 203 2701 s
318 2651 338 2686 n
367 2630 473 2710 spurios
500 2633 619 2692 liberalis
645 2632 718 2706 fnit,
744 2634 867 2693 misertus
895 2653 1070 2714 pueronrm,

301 2728 423 2790 quorum
440 2709 592 2775 miserrima
610 2731 668 2772 erar
688 2709 766 2793 sqrs,
788 2717 894 2774 incerto
912 2731 998 2793 patre.

343 2787 547 2853 Extendebamt
562 2791 627 2853 sane
638 2791 757 2868 Traiani
773 2791 921 2852 liberalitas
937 2789 1072 2874 usquead

302 2869 492 2947 pubertatem·
508 2873 541 2931 Id
555 2874 630 2931 enim
644 2871 692 2931 usu
703 2889 844 2952 receptum
857 2919 867 2949 ,
885 2891 916 2932 ut
929 2871 1024 2931 videre
1035 2872 1074 2931 est

169 2919 174 2939 x
301 2950 333 3005 in
351 2944 460 3085 Digest.
480 2950 544 3009 libr.
560 2948 716 3028 XXXIV,
733 2951 791 3012 Tit.
807 2973 818 3012 1
836 2997 846 3026 ,
870 2948 903 3012 cle
919 2949 1074 3012 Alimemis

302 3023 348 3086 vel
366 3025 392 3087 ri
410 3025 478 3086 ariis
497 3025 607 3110 legaris.
630 3028 686 3089 Sed
707 3029 771 3091 edm
790 3053 851 3114 quae
868 3029 969 3091 dantur
987 3030 1070 3112 usque

301 3104 339 3166 ad
364 3106 562 3188 pubertatem,
586 3108 768 3171 extendantur
792 3108 877 3194 usque
898 3109 934 3170 ad
955 3111 1067 3192 plenam

300 3184 495 3267 pubertatem3
512 3195 609 3272 nequis
620 3188 692 3252 foret
708 3191 869 3274 ambagibus
888 3191 981 3264 loeus,
1000 3186 1069 3246 defi-

300 3267 361 3326 nita
371 3270 410 3328 est
418 3266 477 3351 ipsa
487 3289 560 3346 aetas,
569 3289 600 3331 ut
610 3267 724 3331 habetur
734 3272 764 3331 in
771 3271 880 3353 Digest.
895 3267 1072 3342 LXXXIV,

299 3344 357 3405 loc.
379 3351 426 3409 cit.
446 3348 520 3432 Leg.
534 3371 589 3425 14,
612 3369 646 3409 ex
667 3349 710 3410 Ul
732 3351 808 3414 iano.
835 3348 871 3410 Si
893 3347 951 3430 quir
969 3367 1071 3407 exem-

297 3421 374 3499 plur'n
392 3427 603 3503 alimentorum,
624 3448 684 3508 quer
719 3428 799 3491 udum
811 3427 908 3505 pueris
926 3425 956 3488 [r
971 3425 1075 3504 puellis

194 3505 198 3510 ’
301 3499 462 3592 dabantur,
484 3507 551 3575 velit
558 3508 639 3593 sequi
652 3529 667 3590 ,·
680 3507 757 3592 sciar
774 3505 954 3578 Hadrianum
975 3505 1076 3590 consti,
