2725 4717
377 618 841 699 -uaaianusz
952 612 1029 694 '181'

255 737 361 817 batur
375 796 387 830 ,
408 765 478 815 non
495 738 571 813 sunt
583 738 776 841 persequuti
792 767 804 836 3
822 739 899 815 sane
913 768 957 839 ne
973 743 1028 814 in·
1038 758 1158 811 ΕΞ

251 840 463 945 fringeretur
481 840 672 942 legatorum
687 842 875 916 auctoritas.
901 841 1028 915 Paulli·
1039 834 1070 885 Α·
1081 836 1113 897 Ψ·
1124 833 1159 885 ⁶⁰

251 972 322 1016 nus
335 968 452 1015 tamen
465 952 500 1016 &
511 940 639 1041 justitia:
652 938 782 1014 famam
792 952 827 1016 &
836 944 1027 1016 constantie
1065 927 1140 1038 ⁸5⁴}

250 1043 350 1117 tulit.
369 1040 473 1115 Misso
488 1038 628 1129 senatu,
653 1039 764 1115 Bassus
774 1041 902 1143 ⁴magnai
917 1042 1029 1115 homi·
1064 1022 1088 1071 ³⁶
1099 1020 1143 1126 ,ς’

251 1138 565 1243 numfrequentist,
580 1170 707 1243 magno
717 1140 887 1232 clamore,
900 1170 1028 1242 magno
1067 1118 1138 1177 ’ω’

252 1242 388 1347 gaudio
406 1267 561 1343 exceptus
582 1242 637 1315 est.
665 1242 884 1343 Dignitatem
901 1271 982 1315 nem
1008 1272 1029 1321 e

251 1342 574 1418 &venerationem
597 1340 696 1416 addit
717 1369 846 1417 nomen
871 1272 1030 1443 peticuiis
1106 1341 1110 1350 ’

252 1468 394 1518 notum.

246 1630 251 1641 =
307 1544 529 1630 Aomnnn,
556 1544 637 1631 rex,
661 1565 812 1615 mortem
829 1540 927 1615 obiit.
954 1543 1030 1631 Ro·

248 1643 371 1717 manis
386 1642 487 1715 rebus
505 1642 633 1740 magis,
659 1642 764 1739 quam
780 1665 954 1714 externum
967 1642 1032 1715 ho-

253 1744 399 1817 minem
425 1740 591 1828 decebat,
618 1738 679 1813 sub
701 1740 790 1813 Caio
814 1739 1049 1839 Claudioque
1069 1808 1075 1829 ,

247 1840 472 1943 Principibus
506 1836 615 1915 fuerat
646 1840 859 1914 immixtus:
893 1840 1032 1915 laudern

253 1946 383 2015 tamen¹
393 1942 504 2041 postea
527 1940 666 2015 meritus
687 1941 734 2014 ob
757 1940 863 2015 fidem
879 1951 915 2015 &
930 1940 1030 2014 cons-

253 2042 402 2115 tantiam
430 2042 466 2129 in
493 2040 637 2119 Judaico
662 2035 758 2115 besso
771 2100 785 2132 ,
811 2039 891 2115 crim
918 2039 1027 2115 socius

253 2140 463 2244 Vespasiano
477 2142 629 2241 Titoque
645 2140 767 2216 adfuit.
799 2142 941 2215 Tristior
962 2141 1029 2216 fuit

255 2242 497 2325 Helvidiarum
521 2238 674 2320 sotorum
696 2240 797 2315 casus.
831 2239 985 2341 Utraque
1007 2247 1036 2317 α’

254 2368 380 2441 partu,
395 2365 536 2437 utraque
550 2339 656 2435 filiam
671 2343 767 2413 enixa
778 2339 923 2412 deceffit.
945 2344 1030 2414 Ptae-

250 2465 314 2537 'tet
329 2436 542 2538 juventutem
563 2436 741 2537 moresque
762 2437 1029 2528 honestissimos,

256 2566 316 2614 eas
337 2539 373 2611 in
393 2534 529 2611 summo
550 2537 709 2611 claritatis
727 2536 862 2641 ¹fastigio
886 2534 1051 2615 colloca.

256 2664 352 2714 vetat
366 2638 500 2741 egregia
512 2639 613 2741 patris,
626 2638 747 2739 avique
761 2640 866 2713 virtus
878 2648 915 2715 ὅ(
926 2665 1027 2713 num·

256 2768 361 2839 quam
374 2740 627 2813 intermoritura
641 2741 819 2813 memoria.
837 2739 1026 2822 Maetorem

256 2840 461 2937 anxiamque
485 2837 763 2913 sollicitudinem
780 2866 784 2874 ·
802 2835 955 2920 addebat
984 2864 1026 2913 ex

255 2940 392 3043 optimo
408 2936 567 3037 sanguine
581 2940 696 3012 unicus
708 2937 812 3033 frater
825 2936 994 3041 superstes.

307 3043 352 3113 C.
372 3041 427 3111 so
440 3064 453 3107 s
465 3064 510 3109 10
531 3040 715 3115 Senecione
736 3044 812 3128 111,
832 3043 872 3112 L.
888 3040 1022 3112 Licinio
1033 3062 1154 3112 Ξ

255 3138 339 3231 Sutai¹
349 3134 550 3211 consulibus.
571 3138 784 3224 necabam,
800 3163 951 3234 reparato
963 3166 1022 3237 per
1034 3128 1152 3195 *⁸⁰⁸⁶*

255 3240 409 3315 hiemem
425 3236 594 3325 exercitu,
614 3233 794 3335 excitisque
809 3236 846 3306 in
861 3236 1021 3310 auxilium
1060 3226 1126 3302 ⁸55·

254 3341 440 3427 Sarmatis,
473 3338 605 3427 castra,
633 3337 739 3438 Tapis
765 3335 902 3425 vicina,
926 3335 1019 3409 obsi·
1054 3330 1081 3383 ³·
1095 3332 1133 3399 ⁰⁴

255 3439 361 3513 dione
383 3438 495 3511 cinxit.
527 3440 606 3535 Haet
629 3437 772 3537 quidem
794 3434 1021 3538 pulcherrirna
1059 3429 1128 3495 ¹⁰²·

255 3534 427 3619 bellorum
443 3564 516 3641 pars
532 3536 636 3643 vulgo
651 3537 797 3627 barbatis
811 3536 926 3647 ignara
937 3541 1020 3634 ,ob
