2725 4717
393 624 739 705 anrnito
774 648 854 724 s.
916 636 984 723 189

180 775 362 840 eorum,
382 753 442 851 qui
454 750 555 825 liberi
569 751 639 823 nati
650 804 661 839 ,
680 746 842 851 expofiti‚
861 746 1116 841 deinde&
1182 789 1186 805 ·

183 849 337 923 sublati
351 908 363 939 ,
386 880 406 923 a
420 850 625 952 quibusdam
640 852 676 923 in
689 848 847 925 servitute
863 849 987 925 educa·
998 861 1073 912 M·
1084 860 1120 916 0⁴

182 949 363 1040 bantur,
382 950 621 1066 proposueram
641 949 748 1051 edque
766 949 810 1024 de
835 976 873 1024 te
895 951 987 1025 edic·
1024 945 1091 1009 ⁸5⁷·

191 1074 286 1123 tum
300 1050 450 1151 Augusti
460 1110 472 1141 ‚
483 1062 518 1126 δε
530 1050 727 1152 Principum
738 1050 913 1153 epistolas,
927 1050 988 1127 sed
1022 1034 1045 1086 J‘
1061 1036 1099 1153 ς’,

192 1178 338 1253 parum
354 1153 570 1241 emendatas,
583 1162 620 1227 &
630 1149 793 1251 quasdam
803 1180 874 1224 non
889 1178 987 1227 certae
1031 1128 1101 1186 ¹⁰⁴⁸

195 1251 298 1325 fidei
320 1278 580 1329 memoraverat.
610 1250 800 1354 Respondit
820 1254 989 1352 Trajanus

204 1354 471 1455 «quaestionem
492 1354 578 1427 hanc
598 1351 681 1455 saepe
703 1351 769 1427 effe
787 1355 962 1426 'traderem
977 1384 996 1428 r·

199 1452 333 1527 „nihil
357 1479 474 1530 tamen
500 1453 645 1527 inveniri
669 1454 707 1525 in
733 1456 988 1528 commentariis

204 1554 465 1657 »Principum
487 1556 547 1656 qui
565 1578 643 1629 anre
656 1552 691 1627 se
707 1548 869 1642 fuerunt,
892 1554 989 1654 quod

206 1652 289 1729 aad
304 1682 426 1729 omnes
439 1657 628 1757 provincias
641 1659 731 1727 foret
744 1655 963 1727 constiturum
976 1686 986 1728 t

208 1782 309 1829 nnec
340 1758 534 1854 Bithyniam
567 1754 633 1829 effe
660 1756 750 1826 inter
765 1754 990 1856 provincias,

209 1854 368 1953 ‚quibus
396 1858 458 1931 hac
489 1858 532 1932 de
561 1882 596 1930 re
622 1852 733 1929 fuerat
766 1853 988 1956 rescriptum:

210 1955 327 2031 ‚ideo
347 1984 463 2057 putate
481 1957 515 2033 se
537 1985 609 2029 non
632 1954 860 2030 adsertionem
884 1955 989 2031 dene-

213 2057 394 2229 afandam
406 2060 471 2149 iis,
499 2059 560 2159 qui
582 2086 623 2133 ex
643 2056 812 2157 ejusmodi
831 2056 928 2131 causat
949 2060 988 2133 in

216 2192 240 2225 a
261 2157 441 2233 ibertatem
454 2159 737 2234 vindicabuntur:
755 2185 868 2258 neque
880 2156 990 2259 ipsam

216 2256 449 2333 »libertatem
461 2258 700 2359 redimendam
718 2260 826 2357 pretio
843 2258 991 2340 alimens

219 2384 411 2432 erorum».
431 2359 507 2445 Sic,
527 2356 696 2456 quantitm
715 2382 775 2453 per
794 2382 927 2458 tempus
946 2357 993 2450 117

220 2460 319 2544 cuit,
343 2455 568 2555 expositorum
590 2455 687 2528 statui
710 2452 886 2529 consuluit.

278 2555 336 2631 Ατ
364 2556 401 2629 in
431 2555 469 2631 ed
497 2556 716 2657 questionum
740 2553 962 2631 multitudine
978 2579 995 2648 3
1050 2576 1061 2595 ⁰

227 2685 298 2759 quae
324 2658 388 2730 hoc
414 2685 503 2731 anno
528 2662 673 2731 tradatae
700 2654 805 2745 sunt,
828 2656 992 2758 plurimas

230 2756 316 2833 haud
341 2759 389 2831 ita
412 2785 527 2859 graves
553 2756 754 2831 omiserim:
775 2755 857 2829 duas
882 2760 992 2851 vero,

186 2920 191 2927 .
232 2859 366 2933 aiteram
378 2856 641 2946 Amisenorum,
658 2856 928 2931 Christianorum
941 2857 993 2931 al-

234 2984 335 3033 teram
347 3015 358 3047 ,
371 2958 452 3057 juris
464 2956 682 3032 similitudine
695 3015 707 3046 ,
720 2968 756 3032 &
771 2957 966 3032 innocentid
978 2980 995 3048 ,·

235 3058 405 3161 singulares
417 3055 541 3131 referre
551 3086 658 3160 operae
670 3058 817 3159 pretium
829 3062 885 3132 est.
893 3059 996 3131 Ami-

236 3158 319 3247 seni,
332 3159 448 3231 civitas
462 3157 569 3231 libera
582 3169 618 3230 &
629 3154 812 3243 soederara,
824 3158 994 3229 beneficio

239 3260 389 3367 Principis
412 3257 544 3359 legibus
569 3254 633 3329 suis
656 3255 846 3335 utebantur.
883 3256 995 3328 Plinio

242 3350 397 3433 dederunt
412 3355 723 3461 publicd'libellum
737 3354 779 3428 ad
793 3358 916 3451 Etanos
933 3356 995 3443 (id

242 3458 323 3573 apud
334 3486 387 3532 eos
406 3486 533 3533 nomen
572 3458 717 3547 ecuniis,
732 3484 805 3557 quae
816 3453 995 3531 sublevan-

242 3559 291 3651 dis
304 3560 495 3673 pauperibus
509 3487 735 3664 mitigantur)
752 3558 995 3663 pertinentem
