2725 4717
277 615 280 619 ’
350 598 458 704 liro,
499 614 740 693 Arrana-tx
775 632 1072 689 ennouoroas

240 768 358 817 m
369 735 523 813 oraculis.
547 734 685 836 insuper
698 734 858 807 continua
866 731 1059 809 fulminum
1074 732 1149 829 via,⁴

238 838 356 893 ³³³·ss
370 844 498 915 tactum
521 836 565 910 de
590 836 670 912 caelo
695 834 938 936 Capitolium,
965 836 1144 937 templum

269 927 336 991 ⁸⁴⁹·
369 940 485 1015 Flaviae
499 938 632 1037 gentis,
648 936 774 1012 domus
785 934 938 1011 Palatina
950 946 986 1010 &
999 938 1145 1013 cubicu-

264 1021 341 1169 250
368 1040 446 1116 lum
471 1038 662 1140 Principis,
692 1035 823 1137 aliaque
848 1036 957 1115 multa
982 1062 1146 1137 portenta

291 1134 329 1172 '⁴
369 1165 503 1219 metum
517 1136 751 1216 intendebant.
782 1138 881 1211 Dum
893 1136 1053 1212 adversus
1071 1140 1142 1210 im-

369 1242 504 1313 minens
519 1238 708 1340 periculum
717 1236 752 1311 se
762 1234 990 1315 sollicitudine
1003 1246 1039 1311 &
1049 1234 1141 1311 saevi-

365 1340 416 1422 xia
432 1339 603 1441 accingit,
622 1336 719 1415 surm
737 1335 806 1439 ipse
821 1336 970 1439 impellit
989 1339 1137 1414 ruinam.

364 1441 564 1520 Parthenius
576 1439 669 1518 enim
681 1451 718 1515 δι
731 1437 897 1543 Sigetius,
912 1437 1137 1529 cubicularii,

361 1540 517 1625 Entellus
542 1569 563 1613 a
589 1538 742 1629 libellis,
770 1539 942 1638 ceterique
964 1538 1138 1640 vPrincipis

365 1642 470 1719 amici
498 1668 537 1714 ac
563 1639 703 1730 liberti,
733 1636 792 1713 sed
818 1648 888 1740 ejus
913 1639 979 1713 iras
1004 1641 1135 1730 vetiti,

365 1743 636 1842 conjurationem
650 1742 768 1819 iniere.
792 1740 836 1813 Iis
852 1739 984 1815 animos
999 1740 1136 1815 addidit

306 1853 312 1870 ‘
364 1843 557 1931 Domitia,
593 1842 674 1916 ciam
707 1837 795 1914 forte
825 1838 957 1943 legilset
993 1838 1136 1916 secretas

364 1943 561 2016 Domitiani
582 1940 752 2031 tabellas,
775 1939 898 2039 quibus
912 1938 1052 2031 suum,
1075 1969 1136 2017 eo-

364 2067 510 2141 rumque
522 2041 588 2141 qui
597 2042 702 2119 morti
713 2040 983 2133 destinabantur,
1003 2070 1135 2119 nomen

362 2138 573 2244 inscriptum.
602 2143 676 2219 Ubi
699 2141 737 2221 id
756 2142 950 2245 conspiratis
974 2168 1136 2243 compen

363 2264 469 2332 tum,
497 2241 556 2317 suo
580 2242 795 2343 aliorumque
821 2241 970 2345 periculo
1000 2244 1136 2333 territi,

360 2368 440 2418 rem
461 2369 652 2447 properant.
689 2343 784 2420 Priiu
806 2369 923 2418 tamen
947 2346 1064 2416 actum
1088 2344 1134 2419 de

362 2442 574 2535 succeffore,
600 2471 706 2546 quem
728 2445 904 2547 eligerent.
941 2445 1133 2519 Cocceium

362 2545 514 2617 Nervam
528 2546 573 2617 ad
591 2546 641 2615 im
687 2544 728 2613 rii
744 2543 839 2643 spem
855 2569 1047 2643 votumque
1070 2546 1133 2619 eti-

245 2724 249 2731 ,
363 2666 460 2745 gunt.
504 2644 639 2715 Cunna
662 2664 761 2713 antur
787 2641 898 2715 adhuc
926 2644 1071 2740 quando
1096 2656 1132 2720 δι
1223 2704 1224 2709 1

362 2742 543 2843 quomodo
577 2740 822 2820 Domitianum
854 2742 1131 2843 aggrederentur.

360 2846 577 2942 Stephanus,
607 2840 798 2923 Domitillae
832 2867 1058 2943 procurator,
1094 2856 1131 2921 δε

363 2964 444 3014 tunc
468 2943 746 3042 interceptarum
778 2945 998 3045 pecuniarum
1032 2973 1131 3037 reus,

362 3037 542 3117 confilium
566 3066 775 3142 operamque
793 3043 933 3122 obtulit.
965 3049 998 3121 la
1019 3072 1131 3149 ergo,

363 3166 403 3217 ut
425 3141 469 3221 ad
487 3139 690 3245 suspicacem
711 3142 903 3249 Principem
925 3144 1058 3221 facilior
1081 3146 1131 3223 se-
1221 3216 1222 3226 ,

362 3244 555 3346 cretiorque
580 3239 670 3319 foret
696 3242 840 3334 aditus,
875 3245 1131 3350 conspirationis

362 3344 532 3447 indicium
543 3340 704 3444 profelsus
717 3402 727 3434 ,
749 3356 784 3420 δι
797 3346 955 3421 admiffus
968 3404 979 3437 ,
998 3346 1129 3449 legenti

362 3442 594 3519 traditumase
605 3443 981 3536 libellum,&attonito
990 3445 1129 3523 suffodit
1219 3462 1220 3471 ’

360 3540 526 3646 inguinaz
550 3542 700 3625 saucium
725 3574 765 3625 ac
792 3572 1042 3726 repugnantprp
1070 3550 1129 3625 alii

1033 3675 1100 3725 orti
1111 3703 1125 3743 ,
