2725 4717
361 620 887 703 Vrtrasrnuor‘:
971 621 1019 721 θῇ

229 740 428 848 Principe,
460 744 635 833 multatus,
649 747 706 819 est.
736 743 956 847 Philosophi,
983 772 1021 820 ur
1035 762 1151 817 Ξ

180 936 185 945 ι
233 849 398 945 procacia
414 848 582 947 ingenia,
606 846 702 920 Urbe
716 842 875 919 submoti.
903 845 1022 919 Muso-
1037 830 1152 924 ⁸·⁰·.⁰·

229 945 338 1034 nini,
361 943 490 1021 favore
505 946 682 1035 Muciani,
702 974 886 1019 commune
903 945 1020 1019 discri-
1062 920 1134 1029 Μ’,

229 1043 573 1147 mensoluseffirgit.
586 1046 1020 1138 Demetriusocrlostilius,
1079 1040 1087 1059 ⁸
1124 1038 1134 1061 '

231 1147 380 1243 majoris
394 1146 623 1247 petulantiae,
640 1143 808 1219 ininsulas
820 1144 979 1248 relegati.v

263 1247 424 1319 Interim
437 1246 579 1319 Petilius
590 1246 746 1335 Cerialia,
757 1244 913 1343 comerio
927 1245 1019 1319 bello

232 1348 483 1435 Germanico,
499 1347 537 1418 in
549 1346 760 1419 Britanniam
772 1343 881 1420 fuerat
895 1344 1018 1421 miffus.
1083 1357 1088 1361 ’

233 1444 436 1521 Deceffore
464 1444 526 1523 suo
548 1446 669 1522 Vettio
694 1445 824 1519 Bolano
851 1444 1019 1535 ualidior,

234 1566 416 1621 terrorem
435 1546 551 1619 statim
568 1544 706 1633 intulit,
726 1546 926 1645 Brigantum
941 1546 1020 1619 civi-

235 1665 349 1718 tatem
367 1643 562 1746 adgreffus.
594 1643 711 1716 Multa
734 1645 875 1745 proelia,
901 1654 936 1719 ὃ(
959 1643 1022 1717 ali-

222 1745 387 1841 ¹quando
402 1774 481 1817 non
496 1744 694 1818 incruenta:
708 1770 871 1844 magnam
886 1743 1023 1845 Brigan-

237 1865 316 1916 tum
344 1871 490 1947 partem
515 1866 573 1919 aut
596 1842 736 1919 virtuti&
756 1842 930 1945 amplexus
955 1845 1024 1932 est,

239 1968 300 2020 aut
320 1943 465 2025 bello..

223 2113 227 2119 .
296 2045 356 2117 Fr.
372 2045 584 2141 Domitiano
598 2041 728 2119 Caesare
744 2045 796 2131 11,
817 2043 871 2116 M.
881 2041 1021 2117 Valerio
1036 2066 1153 2121 Ξ

239 2142 442 2218 Meffalino
455 2144 667 2233 consulibus,
681 2168 719 2217 ut
732 2141 893 2217 cresceret
906 2140 1020 2231 favor,
1036 2142 1068 2192 A.
1079 2146 1109 2194 U·
1120 2148 1155 2204 ῦὸ

240 2244 473 2344 congiarium
490 2273 511 2318 a
529 2244 734 2317 Domitiano
753 2242 882 2316 datum.
917 2247 956 2315 ln
979 2270 1021 2317 eo
1065 2234 1128 2291 ⁸²⁶·

242 2340 309 2413 visi
329 2341 458 2431 senes,
477 2340 591 2440 quise
613 2369 634 2414 a
652 2342 732 2415 divo
751 2341 901 2439 Augusto
918 2340 1024 2417 semel
1060 2329 1083 2380 J·
1099 2332 1131 2384 ⁰·

229 2462 364 2537 atque
392 2442 517 2515 iterum
539 2437 699 2540 accepiffe
720 2439 928 2539 congiarium
949 2466 1027 2511 nar-
1076 2432 1126 2491 ⁷3·

247 2537 394 2614 rabant.
423 2539 625 2614 Grandaevos
640 2539 722 2613 alios
737 2537 864 2612 multos
875 2539 1027 2639 prodidit

249 2635 401 2729 census,
423 2640 482 2741 qui
495 2667 570 2714 tum
586 2638 808 2742 peragebatur
823 2668 834 2735 3
856 2650 892 2713 &
904 2668 947 2714 ne
962 2640 1028 2713 sm-

254 2738 347 2837 gulis
356 2768 551 2828 moremur,
565 2767 618 2814 res
627 2736 831 2812 estconfeffa
842 2739 878 2808 in
888 2740 1028 2838 regione

254 2837 368 2913 ltaliae
388 2839 506 2913 octavi
525 2837 708 2911 centemim
728 2862 894 2910 annorum
914 2835 1031 2911 censos

259 2934 363 3011 fuisse
394 2940 549 3012 homines
582 2964 655 3013 arv.
688 2935 870 3031 centenitm
900 2937 1031 3014 denfim

246 3035 873 3123 ,hominesnucerienfimvicenum
885 3034 1031 3136 quimim

262 3135 426 3213 homines
441 3136 526 3218 duos
540 3153 554 3223 ',
580 3134 763 3209 centenirm
779 3135 946 3227 tricenum
968 3137 1031 3209 ho·

265 3237 379 3314 mines
393 3260 563 3338 quatuor,
583 3232 765 3310 centenfim
778 3232 947 3309 tricenirm
955 3236 1031 3335 qui-

268 3334 355 3411 mim
376 3362 441 3411 aut·
454 3332 631 3438 septenum
654 3333 825 3422 totidem,
849 3334 1029 3412 centenum

269 3434 524 3537 quadragenum
538 3436 694 3511 homines
711 3460 786 3511 tres.
810 3432 850 3507 Id
863 3437 956 3519 tanto
970 3464 1029 3509 cu-

273 3532 388 3616 nesius
407 3534 646 3630 observatum,
667 3536 762 3643 quod
784 3533 968 3621 mortalitas
991 3537 1031 3615 iu
