2725 4717
366 634 865 710 Domitianus.
934 654 1004 731 ιη’

200 748 361 829 bellurn
381 811 392 843 ,
411 756 452 841 *ni
464 759 505 828 L.
516 754 664 827 Maximi
678 753 856 855 vigilantia
867 751 1131 854 forsqueffl

200 855 426 954 reipublice
469 857 560 927 raesto
580 852 730 928 fuiffent.·
754 853 806 927 At
821 855 906 927 mird
924 854 1003 928 feli·
1017 846 1136 901 Αϋο·
1168 892 1175 903 ·

202 956 326 1029 citare
344 1013 361 1045 ‚
389 958 460 1055 ipsa
481 955 711 1029 dimicationis
731 954 814 1026 hurd
837 953 1001 1029 resolutus
1042 938 1110 1000 Μ·

200 1059 375 1156 repente
389 1057 529 1130 Rhenus
544 1054 734 1129 transituras
751 1056 794 1128 ad
809 1054 1003 1129 Antonium
1042 1024 1119 1179 ζῇ

200 1155 457 1229 barbarorum
482 1158 593 1257 copias
620 1156 799 1251 inhibuit3
829 1156 1002 1255 vietusque
1081 1138 1104 1255 ,⁸

202 1255 419 1329 Antonius.
427 1255 501 1329 Ubi
509 1259 660 1332 Romam
672 1256 795 1330 vendre
808 1255 1004 1331 rebellionis

204 1358 372 1446 nuntii,
395 1357 640 1447 Domitianus,
664 1357 744 1429 clrm
763 1356 807 1430 de
826 1356 1003 1431 retinendd

205 1453 473 1530 dominatione
491 1483 646 1558 ageretur
663 1456 836 1558 impiger,
854 1458 1005 1582 legiones

204 1557 384 1651 excivit3
408 1558 596 1655 Trajanum
618 1559 679 1654 qui
697 1559 733 1628 in
747 1555 905 1657 Hispania
923 1583 1005 1633 tunc

205 1658 383 1758 agebat,
395 1656 585 1727 Lucianum
593 1655 752 1727 Proclum
765 1655 911 1753 aliosque
927 1684 1007 1735 evo·¹

211 1756 356 1842 cavit,
383 1755 493 1826 statim
516 1752 585 1853 ipse
608 1753 652 1827 ad
678 1752 808 1827 bellum
829 1753 1010 1856 profectus·

210 1859 263 1927 In
295 1856 428 1927 itinere
453 1852 673 1955 supervenere
699 1855 844 1928 videtin
866 1856 1008 1952 nuntii3

217 1982 346 2053 eaque
376 1955 527 2053 quodam
553 1952 652 2027 famae
677 1956 877 2046 miraculo,
915 1955 1006 2057 prius

218 2053 419 2155 praesagiis,
435 2056 538 2156 qudm
551 2056 700 2145 nuntiis,
715 2059 834 2130 Romae
843 2057 1004 2133 innotuit.
1017 2076 1020 2086 '

222 2152 315 2253 lpso
340 2154 466 2245 enim,
496 2184 568 2255 quo
590 2157 793 2230 dimicatum
817 2158 891 2244 est,
917 2156 1002 2246 die,

224 2255 379 2327 statuam
395 2256 506 2327 Ptinci
529 2256 556 2327 is
574 2255 712 2355 insignis
731 2285 749 2327 a
775 2256 843 2328 uila
863 2256 1007 2337 circums

228 2352 339 2451 plexa
358 2354 477 2452 pennis
492 2283 665 2452 clangores
679 2284 855 2427 laetilimos
869 2353 978 2426 edidit
992 2382 1006 2450 3
1036 2388 1038 2395 ’

226 2448 496 2552 vulgatusque,
522 2452 654 2523 incerto
678 2456 836 2539 auetore,
863 2477 1008 2541 rumor,
1094 2467 1096 2471 ’

235 2547 494 2624 «interfectum
507 2548 700 2625 Antonium
712 2586 734 2618 ιο
747 2582 756 2625 :
772 2550 888 2623 multis
901 2551 1006 2627 etiam
1074 2612 1078 2619 .

231 2674 340 2752 caput
359 2658 429 2747 ejus
451 2651 589 2724 allatum
607 2650 723 2727 vidille
739 2650 772 2727 se
786 2652 873 2725 adeo
894 2652 1006 2754 pervi-

233 2752 362 2825 caciter
381 2751 696 2839 contendentibus,
722 2776 761 2824 ut
784 2778 858 2848 pars
882 2778 1008 2849 magna
1110 2830 1115 2850 ,

235 2852 495 2951 magistratuum
519 2877 582 2951 pto
608 2850 701 2949 partal
727 2847 866 2924 vistoril
895 2850 1008 2937 statim

197 2986 201 2993 ·
238 2948 450 3024 sacrificaret.

291 3053 388 3122 Tan
422 3047 597 3145 inopinato
631 3045 776 3121 successu
817 3048 854 3121 in
895 3045 1008 3123 limite

238 3148 290 3222 im
314 3149 377 3225 etii
402 3148 550 3220 restituta
574 3172 638 3241 par
661 3174 670 3215 ι
693 3168 727 3216 at
750 3146 910 3245 Principis
935 3172 1013 3219 ctu-¹

239 3178 360 3323 deliras
392 3245 618 3319 inclementer
650 3240 762 3340 spviit.
795 3242 836 3314 ld
865 3242 1024 3341 quidem*

240 3350 366 3425 vetitus
391 3351 430 3422 L.
456 3344 661 3431 Maximus,
689 3341 801 3416 literas
827 3368 946 3415 omnes
968 3346 1004 3423 in

240 3447 391 3527 Antonii
401 3445 529 3520 scriniis
541 3468 689 3545 repertas
700 3444 779 3543 igne
795 3440 1008 3542 aboleverar,=

240 3574 287 3650 με
306 3547 361 3625 cui
378 3546 566 3651 periculum
585 3539 794 3623 facefferent.
828 3544 1010 3645 Domitia-l
