2725 4717
317 654 899 734 ,·str‘A81ANv8.'
971 668 1019 746 77
1148 748 1150 755 p

221 770 269 846 ad
290 774 500 873 perniciem
522 770 718 872 cujusquam
740 770 994 873 compulsus'est
1009 803 1017 843 t
1030 766 1158 853 ω’

221 870 341 944 immo
364 873 600 947 monentibus
613 873 731 946 amicis
744 872 934 947 cavendum
950 870 1015 946 esse
1033 874 1064 922 l·
1075 874 1105 921 U·
1117 874 1152 923 0·

220 972 390 1046 Metium
406 977 502 1047 Pom
550 972 1016 1073 sianum,qubdvulgbcte-
1056 957 1123 1015 ⁸²⁹·

220 1070 370 1145 'deretur
401 1003 562 1175 genesiii
588 1074 713 1147 habere
735 1074 1013 1175 imperatoriam,
1052 1047 1127 1196 ξς)
1184 1108 1185 1111 “

220 1170 412 1246 consulem
429 1200 516 1248 eum
530 1171 634 1262 fecit,
648 1171 816 1275 spondens
828 1173 1014 1273 cquando-¹

219 1298 319 1369 aque
335 1272 514 1347 beneficii
530 1300 723 1347 memorem
738 1266 891 1347 suturam
902 1309 938 1347 n.
968 1276 1026 1347 Ea'

221 1382 346 1467 tamen
364 1374 469 1447 haud
481 1373 622 1475 perinde
636 1371 731 1446 fuere
744 1374 781 1445 in
789 1374 873 1445 Tito
885 1370 1015 1447 Caesare

221 1496 355 1544 naturae
377 1475 495 1562 vitia,
520 1474 623 1573 quim
641 1472 800 1546 morbida
820 1470 1030 1547 luxuriantis·

224 1568 376 1644 fortunae
393 1576 520 1659 tabes,
539 1601 612 1671 qnae
627 1629 638 1659 ,
651 1571 783 1673 optimd
795 1580 865 1670 ejus
876 1572 1016 1661 indole,

223 1669 261 1741 in
293 1672 435 1746 melius
469 1673 542 1775 post
566 1670 757 1769 susceptum
791 1672 1017 1773 principatum

225 1770 342 1843 statim
360 1774 490 1863 ceffit,
513 1794 552 1845 ur
566 1798 646 1845 mox
662 1769 776 1843 sumus
790 1770 921 1843 dicturi.
944 1773 1017 1843 Ha-

225 1869 370 1946 titianus
396 1931 408 1963 ,
445 1874 557 1976 postea
584 1899 699 1947 rernm
722 1871 922 1974 potiturus,
949 1870 1015 1945 hoc

226 1996 322 2043 anno
350 1975 482 2047 Romae
505 1998 603 2049 natus
627 1971 673 2049 est
696 2000 735 2047 tx
759 1970 929 2049 Kalendas
951 1967 1014 2045 Fe·

226 2066 401 2147 bruatias.

231 2217 236 2226 ·
279 2173 435 2247 anvro
450 2168 1011 2273 Vespafianonll‚TitoCaesare
1024 2199 1142 2245 Β

225 2263 283 2341 Vl
302 2272 528 2359 consulibus,
544 2300 672 2360 annus,
694 2298 731 2345 ut
744 2272 895 2345 civilibus
913 2273 1012 2347 rebus
1024 2263 1098 2317 ³⁸⁰·
1110 2264 1143 2317 c·

227 2365 442 2442 inturbidus
457 2426 469 2456 ,
490 2371 539 2441 ita
554 2371 625 2442 caeli
642 2368 862 2442 inclementis
877 2368 942 2445 suit
957 2372 1014 2444 in-·
1047 2349 1118 2484 ,⁸³2⁸

228 2465 355 2569 signis.
386 2472 552 2541 Norarum
571 2471 617 2542 est
635 2468 847 2573 papilionum
867 2496 1014 2570 proven·
1061 2465 1135 2579 ⁹77}

231 2588 310 2640 tum
328 2593 386 2643 ter
398 2569 542 2671 repetito
554 2566 680 2670 frigore
689 2566 784 2645 sitisse
793 2569 1009 2663 exstindlum',

233 2666 456 2770 advenasque
472 2669 623 2745 volucres
641 2670 686 2743 ad
703 2699 744 2744 v1
765 2672 932 2745 Kalendas
949 2677 1012 2747 Fe-

236 2764 368 2842 bruatii
377 2769 471 2871 spem
480 2772 567 2843 veris
579 2766 744 2857 attulisse,
757 2796 837 2841 mox
845 2769 1013 2843 saeviffima

238 2863 357 2943 hieme
379 2870 595 2943 condideras.
626 2867 732 2962 Quod
750 2882 865 2945 autem
880 2869 1012 2945 ludluo·

240 2964 326 3058 stus,
356 2968 605 3057 carbunculus,
630 2968 796 3067 peculiare
819 2970 904 3043 olim
921 2974 1011 3045 Nar-

240 3054 400 3142 bonensis
438 3068 591 3145 rovinciae
602 3067 733 3139 malum
746 3124 757 3155 ,
769 3070 829 3167 qui
842 3074 883 3143 L.
891 3072 1011 3143 Paullo

243 3172 277 3237 δι
303 3171 352 3262 Q.
425 3166 515 3239 arcio
544 3164 762 3253 censoribus,
818 3167 949 3251 timtlm=
974 3170 1011 3245 in

242 3264 374 3350 ltaliam
397 3290 564 3355 venerat,
588 3265 654 3338 hoc
672 3290 763 3335 anno
776 3194 866 3337 dede
882 3264 1009 3361 saeviit,

245 3362 395 3466 duosque
415 3364 603 3441 consulares
625 3364 855 3453 exanimavit,
880 3366 1010 3445 lulium

245 3460 376 3541 Rufum
396 3478 430 3542 &
452 3469 496 3542 C.
512 3465 707 3540 Laecanium
729 3462 886 3539 Bassum:
910 3466 1008 3545 illurn

248 3564 458 3653 medicorum
470 3564 644 3644 merentia
658 3562 812 3660 sedium
834 3566 922 3643 hunc
935 3572 1011 3674 pol,

785 3668 891 3768 ont
