2725 4717
340 625 415 705 '11⁵8'
471 618 1039 703 Aurium-emouerent

211 784 332 837 ἕ
344 750 507 825 convulsae
519 748 727 829 nobilissimae
741 746 898 823 feminae:
924 748 1124 849 relegantur

215 861 248 913 A·
258 861 290 908 P·
301 858 334 909 C·
343 854 444 928 Arria
471 847 628 924 Thraseae
654 850 769 939 Paeti,
803 850 928 921 Fannia
957 848 1117 924 Helvidii

241 947 310 1010 ⁸4⁷·
344 953 446 1036 Prisci
456 953 578 1040 vidua,
595 949 741 1023 Gratilla
754 952 881 1024 Rustici
893 976 988 1024 uxor.
1009 951 1116 1025 Rele-

235 1039 260 1092 ⁸·
278 1038 313 1089 ⁰·
344 1080 439 1156 gatus
449 1078 586 1152 quoque
594 1051 778 1124 Mauricus.
790 1052 886 1123 Nihil
896 1076 1014 1148 autem
1024 1076 1114 1126 arro·

251 1130 304 1187 Μ’
342 1158 413 1229 cius
426 1152 557 1242 visum,
573 1150 677 1250 quim
691 1150 770 1226 crim
785 1152 954 1225 Publicius
966 1154 1113 1243 Certus,

215 1319 220 1322 .
340 1253 492 1329 accusato
521 1251 685 1326 Helvidio
716 1251 820 1343 filio,
854 1252 946 1354 quasi
977 1252 1114 1327 scenico

339 1355 464 1430 exodio
486 1349 550 1427 sub
574 1349 715 1455 personl
739 1353 869 1426 Paridis¹
894 1364 930 1429 δε
955 1356 1116 1429 OEnones

340 1455 529 1528 divortium
539 1455 702 1554 Principis
714 1482 794 1528 cum
809 1482 911 1529 uxore
923 1454 1114 1547 tractasset,

340 1554 412 1659 ipse
424 1554 558 1631 senator
569 1552 715 1628 senatori
731 1582 850 1629 manus
865 1554 1001 1646 intulit,
1019 1582 1113 1630 eum-

343 1684 440 1757 que,
472 1684 555 1730 mox
579 1654 844 1746 occidendum,
876 1656 914 1731 in
942 1682 1115 1734 carcerem

342 1759 450 1835 duxit.
457 1761 552 1833 Tum
561 1756 756 1857 Philosophi
768 1784 889 1831 omnes
900 1816 911 1848 ,
924 1782 962 1831 ttt
974 1758 1114 1833 instinc-

251 1872 259 1889 ·
342 1884 433 1935 tores
451 1858 638 1947 libertatis,
662 1858 760 1931 Urbe
771 1857 936 1959 Italiique
950 1857 1114 1934 submoti.

340 1954 478 2035 Acriter
500 1987 639 2061 quoque
661 1960 699 2033 in
722 1960 929 2035 Christianos
954 1961 1116 2038 animad-

341 2059 487 2134 versum.
793 2109 797 2117 ·

212 2181 330 2249 εξ
347 2229 350 2235 ,
396 2163 626 2235 Doutrrnuo
640 2158 792 2261 Augusto
805 2160 1114 2255 xV11,T.Flavio

211 2273 246 2324 A·
256 2274 287 2321 U·
298 2272 330 2321 C·
342 2260 529 2336 Clemente
556 2261 759 2338 consulibus.
799 2266 914 2339 Nemo
944 2284 1114 2361 umquam

240 2365 307 2430 848.
343 2389 396 2437 tot
409 2360 599 2437 consulatus
614 2370 768 2466 ceperat(
785 2364 827 2439 ld
840 2366 1003 2465 Principis
1020 2390 1114 2435 πιο-

236 2460 262 2513 ³·
278 2460 313 2511 ⁰·
342 2468 463 2567 gantiae
476 2461 740 2563 diffidenriaeque
755 2464 885 2541 datum.
896 2461 1040 2541 Obsessa
1055 2490 1116 2537 au»

245 2563 297 2621 95·
342 2591 414 2637 tem
431 2622 441 2651 ,
460 2589 504 2634 ut
518 2565 630 2662 priore
647 2588 738 2633 anno
749 2572 761 2649 ᾗ
774 2568 887 2637 curia.
915 2568 989 2637 Nec
1004 2563 1114 2665 pudor

338 2660 406 2736 suit
420 2660 644 2735 Clementem
658 2684 756 2731 reum
764 2657 927 2749 subdere,
941 2663 1024 2737 licet
1035 2692 1113 2736 con·

336 2762 411 2853 sul,
433 2762 597 2863 Principis
615 2757 746 2861 collega
768 2788 807 2834 ac
830 2758 987 2863 patruelis
1008 2762 1110 2839 foret.

337 2865 401 2935 Ob
414 2865 644 2935 Christianam
658 2862 719 2934 reli
745 2862 885 2951 ionem,
907 2865 1111 2963 arguebatur

334 2961 521 3060 impietatis
534 2964 571 3033 in
587 2960 670 3033 deos
681 2988 692 3054 3
705 2892 854 3059 iieoque
865 2960 975 3038 ferme
990 2965 1027 3038 in
1039 2964 1111 3066 ipso

335 3060 511 3135 consulatu
523 3062 760 3158 interemptus.
786 3063 954 3139 Eamdem
968 3066 1015 3139 ob
1030 3093 1111 3139 cau·

291 3196 293 3198 ·
335 3161 408 3238 sam
421 3162 532 3239 Flauia
545 3160 732 3237 Domitilla
744 3169 816 3261 ejus
831 3190 914 3237 uxor
927 3168 963 3238 in
976 3165 1111 3239 Panda-

336 3268 459 3340 tariam
468 3264 612 3339 insulam
624 3262 794 3365 relegata,
807 3290 845 3337 ut
857 3266 939 3339 &in
949 3268 1110 3347 Pontiam

336 3368 442 3443 altera
455 3363 664 3451 Domitilla‚
682 3363 806 3464 pariter
818 3364 930 3439 Flavio
944 3364 1111 3469 sanguine

336 3494 435 3541 otta·
452 3465 554 3539 Nullal
573 3491 608 3537 re
629 3464 737 3564 magis
749 3464 970 3539 Domitianus
992 3493 1107 3540 matu·-

335 3569 424 3650 tavit
441 3565 502 3639 fibi
517 3566 670 3666 exitum5
695 3565 773 3639 licet
790 3572 825 3639 δι
839 3563 919 3639 alias
932 3566 1107 3645 nobilium
