2725 4717
319 660 385 755 1'78
444 661 680 735 Annruorx
713 680 1004 736 cunouoroes

190 812 306 858 ΞΞΞ
317 808 432 857 tamen
443 780 589 871 invidia,
604 792 668 856 &a
678 780 906 854 dissimillimis
917 782 1106 859 immissus

190 880 305 1033 Ᾱὸξόθ·
319 882 458 957 delator.
498 884 617 981 ltaque
638 881 807 955 absolutus
829 882 1104 985 vindicatusque

273 1010 280 1025 ·
320 986 375 1059 est.
859 1014 862 1018 ’
965 1044 969 1051 .

215 1066 284 1119 J‘c·
372 1082 553 1157 Auorrn
577 1105 716 1181 quoque
739 1079 898 1171 Gallica,
928 1080 1099 1157 adulterii

217 1168 285 1228 ¹¹⁰3·
318 1212 385 1259 rea.
398 1185 512 1284 Nupta
525 1183 593 1255 haec
606 1181 744 1253 tribuno
755 1181 906 1255 militum
923 1184 1098 1264 ,honores

319 1286 491 1389 perituro,
518 1293 554 1357 &
576 1280 670 1353 suam
692 1290 728 1353 &
749 1283 863 1355 mariti
883 1283 1098 1382 dignitatem

318 1384 526 1460 centurionis
541 1410 657 1455 amore
677 1382 911 1457 maculaverat.
941 1386 1100 1459 Maritus

319 1487 434 1587 legato
455 1483 649 1571 consulari,
681 1481 740 1555 ille
761 1482 884 1556 Caesari
905 1483 1097 1585 scripserat.

320 1586 451 1675 Caesar,
472 1583 606 1659 excuffis
620 1582 898 1685 probationibus,
918 1589 1100 1659 centurio-

224 1710 242 1733 ‘
306 1702 402 1763 'nem
414 1685 659 1773 exaudotavit,
682 1709 782 1785 atque
795 1686 900 1757 etiam
915 1685 1096 1787 relegavit.

212 1858 214 1865 ,
318 1794 496 1893 Supererat
510 1813 548 1861 ut
562 1786 734 1874 criminis,
750 1783 793 1856 fic
807 1784 945 1859 ultionis
960 1788 1096 1887 reliqua

320 1918 405 1995 pars.
432 1888 511 1971 Sed,
522 1888 708 1975 maritum,
734 1913 806 1958 non
823 1886 891 1960 fine
905 1886 1020 1987 aliqud
1036 1916 1095 1963 re·

321 1988 541 2091 prehenfione
553 1987 722 2088 patientia
733 2044 743 2075 ,
756 2014 853 2060 amor
864 1990 976 2061 uxoris
990 2012 1097 2063 retat-

322 2092 434 2163 dabar.
461 2094 593 2175 lmm0,
607 2088 677 2188 post
690 2086 845 2166 delatum
858 2088 1067 2163 adulterium
1081 2148 1096 2180 ,

321 2218 399 2265 earn
426 2189 526 2261 domi
554 2189 750 2276 habuerat,
788 2188 878 2289 quasi
911 2212 1095 2266 contentus

322 2288 483 2365 emulum
504 2286 699 2364 removisse:
725 2287 959 2379 Admonitus,
982 2314 1022 2363 ut
1035 2318 1094 2391 pe-

365 2407 369 2415 ι

289 2448 292 2458 ι
321 2418 455 2567 raperet
485 2389 760 2479 accusationem,
787 2392 919 2493 peregit
941 2390 1095 2466 invitus:

322 2494 356 2569 se
395 2552 405 2583 ,
429 2492 483 2567 vel
500 2493 609 2565 invito
626 2489 840 2580 accusatore,
865 2516 904 2565 ut
917 2519 980 2605 put
995 2516 1093 2583 erat,

324 2596 485 2667 damnata
503 2594 548 2664 est
566 2600 600 2664 &
617 2590 714 2667 Juliae
736 2590 823 2689 legis
834 2611 943 2692 poents
966 2594 1093 2670 relida.

322 2696 371 2769 At
396 2690 507 2765 C'aesat
525 2694 543 2781 ζ’
564 2716 607 2763 ne
636 2707 756 2762 ornnes
784 2690 954 2795 ejusmodi
983 2693 1113 2775 causas,

303 2862 305 2869 ,
324 2822 480 2869 revocare
497 2793 541 2867 ad
555 2790 587 2865 se
601 2790 772 2865 videretur
786 2849 802 2883 „
812 2802 848 2864 &
864 2819 995 2868 nomen
1012 2824 1096 2869 cen-

297 2937 301 2946 ·
323 2895 514 2967 tutionis&
523 2894 894 2967 commemorationem
911 2892 1097 2997 disciplinae

322 2991 477 3065 militaris
493 2989 665 3063 sententiae
687 2992 812 3089 adjecit
828 3024 837 3065 z
859 3020 1016 3095 reputans
1032 2996 1096 3071 sub

322 3090 488 3197 prioribus
505 3090 616 3163 Princi
641 3090 716 3164 ibus
732 3092 954 3168 imminutam
970 3094 1094 3199 legum

322 3194 577 3281 reverentiam,
609 3118 694 3266 dum
721 3194 909 3295 promiscue
937 3196 1094 3296 judicum

322 3296 439 3369 munia
460 3323 521 3398 pto
544 3293 689 3367 libidine
710 3293 921 3397 usurpabant.
952 3325 956 3331 ·

328 3410 332 3417 “
376 3400 543 3469 Paurrrn
559 3394 604 3467 ob
620 3396 824 3468 memoriam
835 3423 989 3470 veterum
1003 3422 1094 3471 tem-

321 3519 471 3668 potum,
523 3494 621 3578 uibus
666 3496 876 3598 raepollentes
893 3497 1090 3600 Principum

337 3594 459 3683 berti,
478 3524 553 3695 plus
572 3526 776 3674 celebritatis
796 3598 921 3674 habuit·
935 3600 1089 3700 cognitio
