2725 4717
172 580 174 599 '
278 594 347 667 140
398 570 958 649 Anraunixcnaonotocr

146 710 263 761 Ε
274 696 344 771 lam
356 725 364 769 ε
377 722 419 771 eo
429 693 588 783 sedente,
602 692 691 797 ipse,
704 696 906 795 Imperator,
921 690 1082 785 Caesar}

148 784 180 839 Α·
190 786 222 837 ⁰·
234 787 266 839 ⁰·
276 798 465 899 Augustus,
479 792 635 868 Pontifex
648 796 814 867 maximus
826 842 839 883 ,
858 797 949 869 stetit
965 808 1078 871 ante

166 868 243 1009 ,8ςὲ
277 908 346 999 ejus
357 898 545 999 gremium:
556 912 725 995 praeeunte
738 893 894 983 consule,
906 898 1064 995 juravit,

173 984 245 1097 im]
272 996 494 1101 expressitque
515 996 642 1084 verba,
668 994 791 1095 quibus
806 1018 907 1165 caput
920 994 1056 1085 suum,

275 1099 421 1173 domum
435 1096 551 1185 suam,
564 1094 589 1167 fi
604 1094 747 1169 scienter
760 1092 842 1168 fefel
857 1094 952 1185 isset,
964 1097 1065 1171 deo-1

269 1220 351 1279 ,rum
365 1199 420 1269 itae
435 1194 653 1270 consecraret.
680 1195 776 1269 Dein
792 1194 872 1267 clim
888 1195 1051 1269 consula-

275 1321 350 1373 tum
365 1298 466 1371 iniret
480 1296 642 1371 Kalendis
656 1295 845 1383 Ianuariis,
864 1296 960 1368 nullo
973 1304 1054 1397 janr'

275 1422 468 1500 praeeunte,
490 1398 526 1469 in
544 1398 653 1469 rostris
671 1395 773 1468 fimili
789 1394 955 1496 religione
976 1396 1057 1499 ipse

276 1497 312 1573 se
338 1498 469 1600 legibus
486 1496 649 1597 subjecit:
672 1523 754 1569 mox
772 1496 875 1580 tertio
893 1496 974 1569 Idus
989 1500 1057 1578 ,ἴα-ι

277 1602 440 1689 nuatias,
471 1597 551 1672 clam
580 1622 660 1672 vota
684 1621 959 1693 nuncuparentur
984 1626 1054 1701 pro

278 1700 464 1774 aeternitate
491 1696 649 1799 iinperii,
675 1724 739 1799 pro
767 1694 872 1770 salute
895 1698 1055 1789 civium‚²

189 1864 193 1869 .
278 1822 341 1905 pro
363 1799 466 1873 salute
491 1800 600 1872 Ptinci
625 1799 681 1886 is,
711 1814 901 1897 numquam
922 1798 1057 1873 oblite«

259 1898 260 1903 ’
280 1901 385 1974 tanda
397 1898 499 1973 verba
515 1826 670 1987 addidit,
690 1897 745 1971 «fi
758 1897 846 1972 bene
859 1899 1054 2002 rempubliz

278 2029 381 2100 acam
397 2011 433 2074 &
450 2020 491 2072 ex
505 1997 651 2071 utilitate
667 1999 827 2071 omnium
843 2025 961 2074 texero
970 2036 1009 2077 a.

334 2100 507 2174 Maron
533 2098 643 2173 adhuc
668 2096 779 2188 visus,
802 2097 883 2171 ciam
911 2102 1057 2177 comitia

281 2198 400 2275 obivit.
427 2198 639 2274 Candidatus
654 2197 812 2301 exemplo
826 2198 886 2273 suo
898 2201 975 2275 satis
990 2203 1059 2276 do

276 2312 431 2392 ruerat,
464 2326 501 2375 ut
525 2300 683 2377 senatum
710 2322 941 2376 revererentur
961 2331 973 2398 3
1007 2328 1060 2379 ne

285 2426 407 2477 eorum
421 2404 527 2476 animi
538 2404 837 2504 perstringerentut
843 2402 1060 2505 Brincipauis

176 2512 178 2516 ’
283 2500 487 2602 splendore,
510 2528 567 2573 eos
590 2502 701 2591 adhuc
721 2502 873 2572 hortatus
894 2504 963 2592 est,
990 2524 1059 2579 aut

282 2596 1060 2705 „senatuisupplicarenssatqueitaaPrincipe

148 2777 168 2799 x
183 2768 191 2778 ,,
282 2696 1059 2803 asperarenthonotes,fiasenatupetiffenta.2

285 2806 381 2879 Tum
398 2802 495 2873 anxia
513 2801 544 2872 ei
559 2799 626 2873 fuit
638 2796 851 2887 sollicitudo,
875 2801 952 2873 utli
969 2804 1059 2903 quid

285 2898 427 2995 usquam
447 2900 519 2996 post
541 2922 593 2971 tot
611 2901 734 2999 strages
756 2899 862 3001 stirpis
884 2904 1060 3002 antiquae,-

284 2996 309 3072 fi
328 2996 413 3097 quid
436 2993 571 3069 residuae
591 2996 750 3070 claritatis
770 2998 884 3089 foret,
909 3002 998 3077 illud
1017 3006 1059 3081 in

285 3096 383 3173 usum
404 3096 594 3197 reipublicae
610 3124 808 3199 promeret,
831 3101 1059 3204 debitumque

286 3200 403 3301 generi
419 3198 612 3290 honorem,
628 3200 691 3301 'vel
710 3227 894 3300 antequam
911 3203 1060 3279 debere-
1076 3270 1081 3278 .

287 3324 367 3388 tut,
390 3294 549 3373 offerret:
578 3325 641 3373 nec
663 3300 777 3373 minor
802 3301 987 3391 industria,
1018 3329 1059 3380 ut

267 3401 374 3496 [quos
384 3400 543 3475 nondum
555 3397 686 3501 sanguis
700 3457 712 3489 ,
728 3408 798 3499 jam
812 3401 916 3475 virtus
927 3403 1057 3476 nobili-

283 3520 437 3590 taverat,
462 3524 755 3603 promoverentur,
789 3498 863 3605 lpse
885 3502 1058 3609 eratlaug
