2725 4717
292 716 296 723 ,
380 660 430 743 *70
487 642 722 723 'diaeum
747 644 1049 723 Cuneuotoes

248 756 369 843 ΞῘ
382 769 478 868 longi
494 768 554 840 avi
566 766 637 866 spes
653 766 692 839 stt
708 766 839 866 semper
852 768 1006 859 intenta,
1024 776 1067 843 &
1080 764 1167 849 atas

251 864 285 917 *Α
297 868 326 915 ⁰·
337 867 366 916 ⁰
379 868 543 967 Principis
560 870 604 939 ad
619 867 751 941 senium
767 893 932 967 vergeret.

276 960 343 1012 ⁸²⁶·
402 966 1161 1067 Rtacuttinealdemcensutalexplorarima-

273 1054 297 1105 ³·
315 1055 346 1105 ⁰·
375 1066 592 1168 gnitudinem
607 1068 735 1157 Urbis,
753 1095 856 1167 quam
868 1094 909 1141 ex
923 1069 1065 1142 tantulis
1083 1070 1159 1142 ini-

284 1154 330 1213 73·
376 1170 430 1242 tiis
438 1169 705 1242 virtusRomana
713 1166 961 1241 inimmensutn
970 1170 1156 1243 extulerat.

376 1270 741 1369 Compettummoenia
753 1278 823 1368 ejus
833 1268 1002 1367 collegiffe
1012 1269 1157 1343 ambitu

339 1370 345 1390 ¹
373 1367 456 1470 pals.
469 1398 537 1443 x111
550 1396 580 1442 M
595 1398 647 1443 cc.
659 1370 817 1470 Ejusdem
831 1367 974 1467 spatium
988 1366 1155 1453 mensurd

331 1499 333 1504 ·
363 1469 890 1570 turrenteatnilliatioincapite
911 1471 1065 1543 Romani
1081 1468 1154 1542 foti

372 1568 495 1642 statuto
507 1570 551 1643 ad
567 1569 709 1671 singulas
721 1595 831 1672 portas
845 1596 989 1643 numero
1003 1571 1152 1671 triginta

372 1666 504 1770 septem
531 1668 676 1745 effeeiffe
731 1666 859 1743 alsuum
886 1696 945 1771 pet
972 1669 1151 1743 ditetstum

274 1826 278 1832 ·
374 1798 453 1843 xxx
470 1798 500 1843 M
515 1798 668 1847 ucctxv.
695 1699 753 1843 ld
770 1794 919 1843 extrema
938 1772 1018 1843 verb
1035 1776 1150 1845 tedlo·

373 1872 451 1942 tum
474 1897 553 1941 cum
569 1870 677 1942 castris
692 1871 851 1970 praetoriis
865 1870 908 1942 ab
923 1870 1047 1943 eodem
1067 1869 1149 1943 mil-

283 1973 288 1981 ’
372 1969 491 2059 llario,
513 1995 571 2068 pet
583 1969 673 2041 vicos
691 1970 848 2043 omnium
867 1970 998 2043 viarum
1015 1996 1147 2045 nume·

373 2092 445 2141 tata
481 2065 577 2141 fuilse
609 2068 723 2169 paullo
757 2068 902 2170 amplilts
930 2068 1149 2184 septuaginta

371 2167 483 2242 millia
498 2165 661 2267 passuum.
689 2172 772 2262 Qud
786 2170 809 2242 fi
823 2171 898 2271 quis
920 2170 1145 2266 altitudinem

370 2272 541 2341 tedotum
561 2268 692 2359 addat,
713 2270 855 2371 dignam
877 2269 1028 2373 profedld
1054 2272 1145 2345 aesti-

370 2368 561 2442 mationem
573 2369 998 2472 concipiam-fateaturque
1011 2372 1142 2445 nullius
1214 2386 1215 2439 l

370 2469 463 2543 urbis
473 2471 749 2568 magnitudinem
762 2473 798 2543 in
810 2498 884 2544 toto
897 2472 980 2545 orbe
994 2468 1143 2571 potuiffe
1214 2458 1215 2513 l

365 2570 403 2639 ei
416 2594 495 2637 com
520 2570 614 2637 atati.
630 2570 685 2639 Ne
698 2569 948 2665 magnificentid
962 2572 1023 2643 ulli
1038 2573 1142 2645 cede·

363 2688 440 2753 tet,
460 2596 604 2737 adiecta
617 2659 767 2763 undique
780 2692 860 2767 opes
874 2690 1011 2754 extera,
1027 2697 1141 2745 nova·

357 2791 436 2867 que
454 2764 490 2837 in
506 2763 578 2838 dies
590 2763 830 2838 attollebantur
843 2792 1081 2843 monumenta.

403 2866 494 2937 Haec
508 2865 652 2963 augebat
663 2864 894 2966 Vespasianus,
902 2863 1048 2958 tefedlis,
1058 2896 1136 2971 quae

365 2960 543 3064 labarent,
574 2963 677 3036 tacito
707 2966 848 3065 'quidem
874 2967 934 3039 suo
964 2970 1134 3058 nomine,
1213 2992 1214 2997 ’

363 3060 427 3136 sed
438 3058 564 3135 servati
574 3088 727 3137 veterum
737 3064 990 3239 inscriptionum
1003 3069 1133 3172 gloria,

361 3161 446 3237 citm
461 3160 530 3265 iple
542 3162 666 3238 additis
682 3167 777 3241 novis
793 3166 830 3271 sp
844 3169 1129 3269 endidiffimisque

362 3262 605 3363 operibussatis
613 3266 851 3341 inclaresceret.
859 3270 973 3368 Atque
981 3270 1130 3344 utUtbis

364 3361 536 3462 splendori
550 3389 590 3437 ex
604 3366 730 3439 titium
745 3368 895 3441 motibus
910 3396 946 3440 ac
961 3369 1127 3471 dignitate

319 3541 321 3544 ¹
364 3464 541 3536 accederet
554 3464 678 3554 decus,
693 3466 844 3540 senatum
858 3471 1056 3567 &equitem
1072 3498 1126 3543 te-

363 3560 513 3633 censuit:
529 3561 693 3641 summoti
706 3566 950 3666 indigniffitnus
962 3569 1120 3671 quisque3
