<?xml version="1.0" encoding="UTF-8"?>
<!DOCTYPE html PUBLIC "-//W3C//DTD XHTML 1.0 Transitional//EN"
    "http://www.w3.org/TR/xhtml1/DTD/xhtml1-transitional.dtd">
<html xmlns="http://www.w3.org/1999/xhtml" xml:lang="en" lang="en">
 <head>
  <title>
</title>
<meta http-equiv="Content-Type" content="text/html;charset=utf-8" />
  <meta name='ocr-system' content='tesseract 3.04.00' />
  <meta name='ocr-capabilities' content='ocr_page ocr_carea ocr_par ocr_line ocrx_word'/>
</head>
<body>
  <div class='ocr_page' id='page_1' title='image "./operasupplement00tacigoog_0184.png"; bbox 0 0 2725 4717; ppageno 0'>
   <div class='ocr_carea' id='block_1_1' title="bbox 340 620 1052 719">
    <p class='ocr_par' dir='ltr' id='par_1_1' title="bbox 340 620 1052 719">
     <span class='ocr_line' id='line_1_1' title="bbox 340 620 1052 719; baseline -0.004 -20"><span class='ocrx_word' id='word_1_1' title='bbox 340 622 417 719; x_wconf 67' lang='lat'>&#39;¹7⁶</span> <span class='ocrx_word' id='word_1_2' title='bbox 459 622 706 699; x_wconf 76' lang='lat' dir='ltr'>Arar&#39;nnrx</span> <span class='ocrx_word' id='word_1_3' title='bbox 731 620 1052 696; x_wconf 61' lang='lat' dir='ltr'>cat-nouoroea:</span> 
     </span>
    </p>
   </div>
   <div class='ocr_carea' id='block_1_2' title="bbox 171 740 1224 3537">
    <p class='ocr_par' dir='ltr' id='par_1_2' title="bbox 171 740 1142 1531">
     <span class='ocr_line' id='line_1_2' title="bbox 171 740 1142 844; baseline -0.002 -29"><span class='ocrx_word' id='word_1_4' title='bbox 171 808 173 815; x_wconf 83' lang='lat'>.</span> <span class='ocrx_word' id='word_1_5' title='bbox 215 780 333 827; x_wconf 55' lang='lat' dir='ltr'>„za-z„</span> <span class='ocrx_word' id='word_1_6' title='bbox 346 772 434 820; x_wconf 87' lang='lat' dir='ltr'>cura.</span> <span class='ocrx_word' id='word_1_7' title='bbox 458 742 587 817; x_wconf 88' lang='lat' dir='ltr'>Civiles</span> <span class='ocrx_word' id='word_1_8' title='bbox 604 769 709 844; x_wconf 89' lang='lat' dir='ltr'>ergo,</span> <span class='ocrx_word' id='word_1_9' title='bbox 730 767 769 816; x_wconf 92' lang='lat' dir='ltr'>ut</span> <span class='ocrx_word' id='word_1_10' title='bbox 782 767 860 816; x_wconf 88' lang='lat' dir='ltr'>ante</span> <span class='ocrx_word' id='word_1_11' title='bbox 876 740 1009 815; x_wconf 83' lang='lat' dir='ltr'>bellum-</span> <span class='ocrx_word' id='word_1_12' title='bbox 1026 798 1046 829; x_wconf 87' lang='lat'>,</span> <span class='ocrx_word' id='word_1_13' title='bbox 1067 758 1142 813; x_wconf 50' lang='lat' dir='ltr'>oc*</span> 
     </span>
     <span class='ocr_line' id='line_1_3' title="bbox 216 838 1140 947; baseline -0.006 -28"><span class='ocrx_word' id='word_1_14' title='bbox 216 842 248 891; x_wconf 66' lang='grc' dir='ltr'>Ᾰ·</span> <span class='ocrx_word' id='word_1_15' title='bbox 261 845 292 924; x_wconf 73' lang='lat'>¹¹,-</span> <span class='ocrx_word' id='word_1_16' title='bbox 303 845 334 896; x_wconf 75' lang='lat' dir='ltr'>C·</span> <span class='ocrx_word' id='word_1_17' title='bbox 348 844 541 947; x_wconf 87' lang='lat' dir='ltr'>copationes</span> <span class='ocrx_word' id='word_1_18' title='bbox 552 840 702 917; x_wconf 81' lang='lat' dir='ltr'><strong>resumit.</strong></span> <span class='ocrx_word' id='word_1_19' title='bbox 725 846 895 943; x_wconf 84' lang='lat' dir='ltr'>Frequens</span> <span class='ocrx_word' id='word_1_20' title='bbox 907 842 944 911; x_wconf 91' lang='lat' dir='ltr'>in</span> <span class='ocrx_word' id='word_1_21' title='bbox 956 838 1042 912; x_wconf 80' lang='lat' dir='ltr'>foro</span> <span class='ocrx_word' id='word_1_22' title='bbox 1055 839 1140 913; x_wconf 82' lang='lat' dir='ltr'>Au-</span> 
     </span>
     <span class='ocr_line' id='line_1_4' title="bbox 208 925 1138 1059; baseline -0.009 -40"><span class='ocrx_word' id='word_1_23' title='bbox 208 972 211 977; x_wconf 77' lang='grc'>’</span> <span class='ocrx_word' id='word_1_24' title='bbox 244 925 308 988; x_wconf 75' lang='lat'>⁸5⁶·</span> <span class='ocrx_word' id='word_1_25' title='bbox 349 946 455 1059; x_wconf 78' lang='lat' dir='ltr'>gusti,</span> <span class='ocrx_word' id='word_1_26' title='bbox 480 945 517 1015; x_wconf 91' lang='lat' dir='ltr'>in</span> <span class='ocrx_word' id='word_1_27' title='bbox 531 942 663 1045; x_wconf 88' lang='lat' dir='ltr'>porticu</span> <span class='ocrx_word' id='word_1_28' title='bbox 676 943 799 1030; x_wconf 84' lang='lat' dir='ltr'>Liviae&#39;,</span> <span class='ocrx_word' id='word_1_29' title='bbox 818 941 963 1041; x_wconf 79' lang='lat' dir='ltr'>aliisque</span> <span class='ocrx_word' id='word_1_30' title='bbox 974 938 1138 1041; x_wconf 86' lang='lat' dir='ltr'>publicis</span> 
     </span>
     <span class='ocr_line' id='line_1_5' title="bbox 240 1014 1137 1141; baseline -0.009 -21"><span class='ocrx_word' id='word_1_31' title='bbox 240 1014 264 1062; x_wconf 60' lang='lat' dir='ltr'>J&#39;</span> <span class='ocrx_word' id='word_1_32' title='bbox 280 1017 310 1067; x_wconf 53' lang='grc' dir='ltr'>ε’</span> <span class='ocrx_word' id='word_1_33' title='bbox 349 1071 385 1119; x_wconf 88' lang='lat' dir='ltr'>m</span> <span class='ocrx_word' id='word_1_34' title='bbox 396 1043 500 1133; x_wconf 88' lang='lat' dir='ltr'>locis,</span> <span class='ocrx_word' id='word_1_35' title='bbox 519 1052 570 1141; x_wconf 84' lang='lat' dir='ltr'>jus</span> <span class='ocrx_word' id='word_1_36' title='bbox 583 1069 643 1141; x_wconf 89' lang='lat' dir='ltr'>pro</span> <span class='ocrx_word' id='word_1_37' title='bbox 658 1042 820 1116; x_wconf 88' lang='lat' dir='ltr'>tribunali</span> <span class='ocrx_word' id='word_1_38' title='bbox 834 1041 1043 1115; x_wconf 61' lang='lat' dir='ltr'>dicebat.‘Si</span> <span class='ocrx_word' id='word_1_39' title='bbox 1058 1068 1137 1139; x_wconf 80' lang='lat' dir='ltr'>qua</span> 
     </span>
     <span class='ocr_line' id='line_1_6' title="bbox 349 1141 1135 1246; baseline -0.006 -29"><span class='ocrx_word' id='word_1_40' title='bbox 349 1144 502 1246; x_wconf 87' lang='lat' dir='ltr'>graviora</span> <span class='ocrx_word' id='word_1_41' title='bbox 515 1167 754 1231; x_wconf 84' lang='lat' dir='ltr'>occurrerent,</span> <span class='ocrx_word' id='word_1_42' title='bbox 776 1141 954 1215; x_wconf 81' lang='lat' dir='ltr'>confilium</span> <span class='ocrx_word' id='word_1_43' title='bbox 966 1142 1135 1241; x_wconf 88' lang='lat' dir='ltr'>optimo-</span> 
     </span>
     <span class='ocr_line' id='line_1_7' title="bbox 349 1235 1134 1317; baseline -0.009 0"><span class='ocrx_word' id='word_1_44' title='bbox 349 1240 640 1317; x_wconf 88' lang='lat' dir='ltr'>rum-senatorum</span> <span class='ocrx_word' id='word_1_45' title='bbox 662 1242 858 1317; x_wconf 81' lang='lat' dir='ltr'>adhibebat.</span> <span class='ocrx_word' id='word_1_46' title='bbox 885 1235 965 1313; x_wconf 88' lang='lat' dir='ltr'>Tali</span> <span class='ocrx_word' id='word_1_47' title='bbox 980 1238 1134 1312; x_wconf 87' lang='lat' dir='ltr'>confisio</span> 
     </span>
     <span class='ocr_line' id='line_1_8' title="bbox 350 1340 1134 1448; baseline -0.004 -31"><span class='ocrx_word' id='word_1_48' title='bbox 350 1370 476 1443; x_wconf 86' lang='lat' dir='ltr'>magna</span> <span class='ocrx_word' id='word_1_49' title='bbox 501 1370 566 1429; x_wconf 86' lang='lat' dir='ltr'>res·</span> <span class='ocrx_word' id='word_1_50' title='bbox 586 1344 632 1416; x_wconf 90' lang='lat' dir='ltr'>est</span> <span class='ocrx_word' id='word_1_51' title='bbox 658 1347 757 1433; x_wconf 69' lang='lat' dir='ltr'>asta,</span> <span class='ocrx_word' id='word_1_52' title='bbox 789 1353 828 1417; x_wconf 73' lang='grc' dir='ltr'>’δι</span> <span class='ocrx_word' id='word_1_53' title='bbox 856 1344 894 1415; x_wconf 93' lang='lat' dir='ltr'>in</span> <span class='ocrx_word' id='word_1_54' title='bbox 923 1340 1134 1448; x_wconf 72' lang='lat' dir='ltr'>exemplum</span> 
     </span>
     <span class='ocr_line' id='line_1_9' title="bbox 261 1446 799 1531; baseline -0.006 -12"><span class='ocrx_word' id='word_1_55' title='bbox 261 1528 262 1531; x_wconf 8' lang='grc' dir='ltr'><strong>Ἴ</strong></span> <span class='ocrx_word' id='word_1_56' title='bbox 351 1446 450 1523; x_wconf 85' lang='lat' dir='ltr'>itura.</span> <span class='ocrx_word' id='word_1_57' title='bbox 794 1455 799 1465; x_wconf 88' lang='lat'><em>&#39;</em></span> 
     </span>
    </p>

    <p class='ocr_par' dir='ltr' id='par_1_3' title="bbox 328 1540 1132 2143">
     <span class='ocr_line' id='line_1_10' title="bbox 328 1540 1132 1641; baseline -0.004 -26"><span class='ocrx_word' id='word_1_58' title='bbox 328 1620 351 1637; x_wconf 25' lang='grc' dir='ltr'>,ι</span> <span class='ocrx_word' id='word_1_59' title='bbox 404 1546 554 1617; x_wconf 83' lang='lat' dir='ltr'>Lusrn</span> <span class='ocrx_word' id='word_1_60' title='bbox 566 1570 578 1613; x_wconf 85' lang='lat'>1</span> <span class='ocrx_word' id='word_1_61' title='bbox 589 1570 666 1616; x_wconf 89' lang='lat' dir='ltr'>cus</span> <span class='ocrx_word' id='word_1_62' title='bbox 683 1542 896 1629; x_wconf 83' lang='lat' dir='ltr'>Bruttianus,</span> <span class='ocrx_word' id='word_1_63' title='bbox 909 1540 1132 1641; x_wconf 83' lang='lat' dir='ltr'>provinciam</span> 
     </span>
     <span class='ocr_line' id='line_1_11' title="bbox 352 1641 1130 1731; baseline -0.006 -14"><span class='ocrx_word' id='word_1_64' title='bbox 352 1641 508 1731; x_wconf 89' lang='lat' dir='ltr'>sortitus,</span> <span class='ocrx_word' id='word_1_65' title='bbox 527 1644 738 1717; x_wconf 84' lang='lat' dir='ltr'>Montanum</span> <span class='ocrx_word' id='word_1_66' title='bbox 748 1641 943 1714; x_wconf 87' lang='lat' dir='ltr'>Atticinum</span> <span class='ocrx_word' id='word_1_67' title='bbox 956 1642 1130 1714; x_wconf 89' lang='lat' dir='ltr'>comitem</span> 
     </span>
     <span class='ocr_line' id='line_1_12' title="bbox 354 1738 1129 1841; baseline -0.001 -25"><span class='ocrx_word' id='word_1_68' title='bbox 354 1742 453 1816; x_wconf 89' lang='lat' dir='ltr'>suum</span> <span class='ocrx_word' id='word_1_69' title='bbox 468 1744 504 1815; x_wconf 89' lang='lat' dir='ltr'>in</span> <span class='ocrx_word' id='word_1_70' title='bbox 518 1742 634 1815; x_wconf 89' lang='lat' dir='ltr'>multis</span> <span class='ocrx_word' id='word_1_71' title='bbox 647 1741 781 1841; x_wconf 85' lang='lat' dir='ltr'>flagitiis</span> <span class='ocrx_word' id='word_1_72' title='bbox 795 1739 1044 1841; x_wconf 88' lang='lat' dir='ltr'>deprehensum</span> <span class='ocrx_word' id='word_1_73' title='bbox 1059 1738 1129 1815; x_wconf 83' lang='lat' dir='ltr'>esse</span> 
     </span>
     <span class='ocr_line' id='line_1_13' title="bbox 355 1838 1128 1942; baseline 0 -27"><span class='ocrx_word' id='word_1_74' title='bbox 355 1842 504 1942; x_wconf 87' lang='lat' dir='ltr'>Principi</span> <span class='ocrx_word' id='word_1_75' title='bbox 517 1838 697 1942; x_wconf 85' lang='lat' dir='ltr'><strong>scripserat.</strong></span> <span class='ocrx_word' id='word_1_76' title='bbox 725 1840 920 1929; x_wconf 87' lang='lat' dir='ltr'>Atticinus,</span> <span class='ocrx_word' id='word_1_77' title='bbox 939 1866 977 1913; x_wconf 92' lang='lat' dir='ltr'>ut</span> <span class='ocrx_word' id='word_1_78' title='bbox 996 1843 1128 1941; x_wconf 88' lang='lat' dir='ltr'>pericu·</span> 
     </span>
     <span class='ocr_line' id='line_1_14' title="bbox 354 1939 1129 2043; baseline 0.004 -30"><span class='ocrx_word' id='word_1_79' title='bbox 354 1941 431 2015; x_wconf 89' lang='lat' dir='ltr'>lum</span> <span class='ocrx_word' id='word_1_80' title='bbox 446 1939 653 2029; x_wconf 81' lang='lat' dir='ltr'>declinaret,</span> <span class='ocrx_word' id='word_1_81' title='bbox 668 1969 758 2015; x_wconf 84' lang='lat' dir='ltr'>noua</span> <span class='ocrx_word' id='word_1_82' title='bbox 769 1941 903 2036; x_wconf 85' lang='lat' dir='ltr'>addidit</span> <span class='ocrx_word' id='word_1_83' title='bbox 915 1940 1068 2043; x_wconf 86' lang='lat' dir='ltr'>flagitia,</span> <span class='ocrx_word' id='word_1_84' title='bbox 1091 1952 1129 2016; x_wconf 89' lang='lat'>&amp;</span> 
     </span>
     <span class='ocr_line' id='line_1_15' title="bbox 357 2040 1127 2143; baseline 0.004 -31"><span class='ocrx_word' id='word_1_85' title='bbox 357 2040 572 2113; x_wconf 90' lang='lat' dir='ltr'>Bruttianum</span> <span class='ocrx_word' id='word_1_86' title='bbox 585 2098 596 2129; x_wconf 92' lang='lat'>,</span> <span class='ocrx_word' id='word_1_87' title='bbox 610 2068 716 2139; x_wconf 86' lang='lat' dir='ltr'>quem</span> <span class='ocrx_word' id='word_1_88' title='bbox 731 2042 934 2143; x_wconf 85' lang='lat' dir='ltr'>deceperat,</span> <span class='ocrx_word' id='word_1_89' title='bbox 951 2040 1127 2115; x_wconf 71' lang='lat' dir='ltr'>accusatis.</span> 
     </span>
    </p>

    <p class='ocr_par' dir='ltr' id='par_1_4' title="bbox 264 2140 1224 3537">
     <span class='ocr_line' id='line_1_16' title="bbox 264 2140 1129 2243; baseline 0.005 -33"><span class='ocrx_word' id='word_1_90' title='bbox 264 2168 268 2175; x_wconf 25' lang='lat' dir='ltr'>s</span> <span class='ocrx_word' id='word_1_91' title='bbox 359 2140 607 2239; x_wconf 87' lang='lat' dir='ltr'>Cognitionem</span> <span class='ocrx_word' id='word_1_92' title='bbox 619 2142 748 2242; x_wconf 88' lang='lat' dir='ltr'>recepit</span> <span class='ocrx_word' id='word_1_93' title='bbox 763 2142 1025 2243; x_wconf 75' lang='lat' dir='ltr'>Princeps&#39;Egit</span> <span class='ocrx_word' id='word_1_94' title='bbox 1037 2167 1129 2216; x_wconf 87' lang='lat' dir='ltr'>utet·</span> 
     </span>
     <span class='ocr_line' id='line_1_17' title="bbox 358 2239 1126 2344; baseline 0.005 -31"><span class='ocrx_word' id='word_1_95' title='bbox 358 2266 427 2339; x_wconf 87' lang='lat' dir='ltr'>que</span> <span class='ocrx_word' id='word_1_96' title='bbox 443 2266 504 2341; x_wconf 92' lang='lat' dir='ltr'>pro</span> <span class='ocrx_word' id='word_1_97' title='bbox 519 2239 552 2313; x_wconf 91' lang='lat' dir='ltr'>se</span> <span class='ocrx_word' id='word_1_98' title='bbox 568 2268 580 2335; x_wconf 79' lang='lat'>3</span> <span class='ocrx_word' id='word_1_99' title='bbox 603 2240 708 2339; x_wconf 90' lang='lat' dir='ltr'>idque</span> <span class='ocrx_word' id='word_1_100' title='bbox 720 2244 863 2344; x_wconf 87' lang='lat' dir='ltr'>carptim</span> <span class='ocrx_word' id='word_1_101' title='bbox 876 2253 983 2342; x_wconf 88' lang='lat' dir='ltr'>&amp;per</span> <span class='ocrx_word' id='word_1_102' title='bbox 995 2240 1126 2330; x_wconf 79' lang='lat' dir='ltr'>summa</span> 
     </span>
     <span class='ocr_line' id='line_1_18' title="bbox 360 2340 1126 2441; baseline 0.005 -29"><span class='ocrx_word' id='word_1_103' title='bbox 360 2340 495 2441; x_wconf 87' lang='lat' dir='ltr'>capita,</span> <span class='ocrx_word' id='word_1_104' title='bbox 521 2368 590 2439; x_wconf 91' lang='lat' dir='ltr'>quo</span> <span class='ocrx_word' id='word_1_105' title='bbox 634 2344 877 2435; x_wconf 31' lang='lat' dir='ltr'>enetelveritas</span> <span class='ocrx_word' id='word_1_106' title='bbox 889 2342 1003 2413; x_wconf 87' lang='lat' dir='ltr'>statim</span> <span class='ocrx_word' id='word_1_107' title='bbox 1018 2345 1126 2415; x_wconf 86' lang='lat' dir='ltr'>osten·</span> 
     </span>
     <span class='ocr_line' id='line_1_19' title="bbox 362 2369 1127 2527; baseline 0.001 -12"><span class='ocrx_word' id='word_1_108' title='bbox 362 2440 464 2515; x_wconf 88' lang='lat' dir='ltr'>ditur.</span> <span class='ocrx_word' id='word_1_109' title='bbox 508 2369 653 2527; x_wconf 71' lang='lat' dir='ltr'>Protuiit</span> <span class='ocrx_word' id='word_1_110' title='bbox 673 2437 865 2516; x_wconf 86' lang='lat' dir='ltr'>Bruttianus</span> <span class='ocrx_word' id='word_1_111' title='bbox 890 2442 1127 2516; x_wconf 87' lang='lat' dir='ltr'>testamentum</span> 
     </span>
     <span class='ocr_line' id='line_1_20' title="bbox 362 2540 1126 2644; baseline 0.005 -31"><span class='ocrx_word' id='word_1_112' title='bbox 362 2540 483 2627; x_wconf 89' lang='lat' dir='ltr'>suum,</span> <span class='ocrx_word' id='word_1_113' title='bbox 506 2541 600 2639; x_wconf 91' lang='lat' dir='ltr'>quod</span> <span class='ocrx_word' id='word_1_114' title='bbox 614 2541 759 2613; x_wconf 88' lang='lat' dir='ltr'>Atticini</span> <span class='ocrx_word' id='word_1_115' title='bbox 772 2570 878 2615; x_wconf 89' lang='lat' dir='ltr'>manu</span> <span class='ocrx_word' id='word_1_116' title='bbox 890 2540 1054 2644; x_wconf 90' lang='lat' dir='ltr'>scriptum</span> <span class='ocrx_word' id='word_1_117' title='bbox 1063 2541 1126 2617; x_wconf 83' lang='lat' dir='ltr'>esse</span> 
     </span>
     <span class='ocr_line' id='line_1_21' title="bbox 363 2638 1125 2733; baseline 0.005 -21"><span class='ocrx_word' id='word_1_118' title='bbox 363 2638 509 2714; x_wconf 86' lang='lat' dir='ltr'>dicebat.</span> <span class='ocrx_word' id='word_1_119' title='bbox 536 2641 610 2717; x_wconf 89' lang='lat' dir='ltr'>Hoc</span> <span class='ocrx_word' id='word_1_120' title='bbox 635 2649 670 2713; x_wconf 91' lang='lat'>&amp;</span> <span class='ocrx_word' id='word_1_121' title='bbox 693 2666 812 2714; x_wconf 86' lang='lat' dir='ltr'>arcana</span> <span class='ocrx_word' id='word_1_122' title='bbox 829 2638 1067 2733; x_wconf 73' lang='lat' dir='ltr'>familiaritas,</span> <span class='ocrx_word' id='word_1_123' title='bbox 1091 2653 1125 2715; x_wconf 78' lang='lat' dir='ltr'>dc</span> 
     </span>
     <span class='ocr_line' id='line_1_22' title="bbox 363 2737 1125 2841; baseline 0.005 -28"><span class='ocrx_word' id='word_1_124' title='bbox 363 2737 531 2841; x_wconf 84' lang='lat' dir='ltr'>querendi</span> <span class='ocrx_word' id='word_1_125' title='bbox 544 2738 587 2813; x_wconf 90' lang='lat' dir='ltr'>de</span> <span class='ocrx_word' id='word_1_126' title='bbox 606 2766 671 2829; x_wconf 88' lang='lat' dir='ltr'>eo,</span> <span class='ocrx_word' id='word_1_127' title='bbox 696 2767 802 2839; x_wconf 88' lang='lat' dir='ltr'>quem</span> <span class='ocrx_word' id='word_1_128' title='bbox 812 2739 859 2813; x_wconf 85' lang='lat' dir='ltr'>stc</span> <span class='ocrx_word' id='word_1_129' title='bbox 873 2741 1039 2832; x_wconf 80' lang='lat' dir='ltr'>amasset,</span> <span class='ocrx_word' id='word_1_130' title='bbox 1065 2770 1125 2817; x_wconf 88' lang='lat' dir='ltr'>ne-</span> 
     </span>
     <span class='ocr_line' id='line_1_23' title="bbox 356 2839 1124 2919; baseline 0.009 -8"><span class='ocrx_word' id='word_1_131' title='bbox 356 2841 487 2919; x_wconf 72' lang='lat' dir='ltr'>¹tessrtas</span> <span class='ocrx_word' id='word_1_132' title='bbox 504 2839 728 2914; x_wconf 86' lang='lat' dir='ltr'>indicabatur.</span> <span class='ocrx_word' id='word_1_133' title='bbox 752 2840 971 2919; x_wconf 80' lang='lat' dir='ltr'>Enumeravit</span> <span class='ocrx_word' id='word_1_134' title='bbox 985 2844 1124 2917; x_wconf 85' lang='lat' dir='ltr'>crimina</span> 
     </span>
     <span class='ocr_line' id='line_1_24' title="bbox 358 2934 1125 3032; baseline 0.018 -27"><span class='ocrx_word' id='word_1_135' title='bbox 358 2934 457 3007; x_wconf 70' lang='lat' dir='ltr'>,forda</span> <span class='ocrx_word' id='word_1_136' title='bbox 465 2948 501 3009; x_wconf 74' lang='grc' dir='ltr'>δε</span> <span class='ocrx_word' id='word_1_137' title='bbox 511 2935 697 3013; x_wconf 79' lang='lat' dir='ltr'>manifesta.</span> <span class='ocrx_word' id='word_1_138' title='bbox 706 2939 897 3032; x_wconf 90' lang='lat' dir='ltr'>Atticinus,</span> <span class='ocrx_word' id='word_1_139' title='bbox 910 2942 990 3016; x_wconf 73' lang='lat' dir='ltr'>crim</span> <span class='ocrx_word' id='word_1_140' title='bbox 1000 2944 1125 3019; x_wconf 88' lang='lat' dir='ltr'>diluere</span> 
     </span>
     <span class='ocr_line' id='line_1_25' title="bbox 364 3031 1224 3137; baseline 0.012 -30"><span class='ocrx_word' id='word_1_141' title='bbox 364 3061 435 3107; x_wconf 90' lang='lat' dir='ltr'>non</span> <span class='ocrx_word' id='word_1_142' title='bbox 449 3031 579 3135; x_wconf 80' lang='lat' dir='ltr'>posset,</span> <span class='ocrx_word' id='word_1_143' title='bbox 601 3034 649 3109; x_wconf 87' lang='lat' dir='ltr'>ita</span> <span class='ocrx_word' id='word_1_144' title='bbox 662 3038 814 3137; x_wconf 83' lang='lat' dir='ltr'>regefftt,</span> <span class='ocrx_word' id='word_1_145' title='bbox 835 3068 894 3132; x_wconf 94' lang='lat' dir='ltr'>ut,</span> <span class='ocrx_word' id='word_1_146' title='bbox 911 3044 996 3116; x_wconf 90' lang='lat' dir='ltr'>dum</span> <span class='ocrx_word' id='word_1_147' title='bbox 1013 3042 1126 3118; x_wconf 85' lang='lat' dir='ltr'>desen·</span> <span class='ocrx_word' id='word_1_148' title='bbox 1223 3083 1224 3102; x_wconf 58' lang='lat' dir='ltr'>t</span> 
     </span>
     <span class='ocr_line' id='line_1_26' title="bbox 365 3134 1123 3237; baseline 0.013 -28"><span class='ocrx_word' id='word_1_149' title='bbox 365 3134 482 3224; x_wconf 84' lang='lat' dir='ltr'>ditur,</span> <span class='ocrx_word' id='word_1_150' title='bbox 509 3136 648 3237; x_wconf 74' lang='lat' dir='ltr'>turpis,</span> <span class='ocrx_word' id='word_1_151' title='bbox 666 3136 752 3214; x_wconf 87' lang='lat' dir='ltr'>dum</span> <span class='ocrx_word' id='word_1_152' title='bbox 777 3141 929 3231; x_wconf 90' lang='lat' dir='ltr'>accusat,</span> <span class='ocrx_word' id='word_1_153' title='bbox 954 3142 1123 3219; x_wconf 81' lang='lat' dir='ltr'>sceleratus</span> 
     </span>
     <span class='ocr_line' id='line_1_27' title="bbox 363 3236 1124 3350; baseline 0.014 -43"><span class='ocrx_word' id='word_1_154' title='bbox 363 3236 572 3350; x_wconf 88' lang='lat' dir='ltr'>probaretur.</span> <span class='ocrx_word' id='word_1_155' title='bbox 591 3240 766 3339; x_wconf 88' lang='lat' dir='ltr'>Corrupto</span> <span class='ocrx_word' id='word_1_156' title='bbox 779 3242 872 3315; x_wconf 89' lang='lat' dir='ltr'>enim</span> <span class='ocrx_word' id='word_1_157' title='bbox 884 3243 1005 3315; x_wconf 84' lang='lat' dir='ltr'>Scribae</span> <span class='ocrx_word' id='word_1_158' title='bbox 1016 3242 1124 3335; x_wconf 87' lang='lat' dir='ltr'>servo,</span> 
     </span>
     <span class='ocr_line' id='line_1_28' title="bbox 365 3341 1127 3437; baseline 0.01 -28"><span class='ocrx_word' id='word_1_159' title='bbox 365 3361 587 3437; x_wconf 74' lang='lat' dir='ltr'>interceperat</span> <span class='ocrx_word' id='word_1_160' title='bbox 601 3341 886 3429; x_wconf 86' lang='lat' dir='ltr'>commentarios,</span> <span class='ocrx_word' id='word_1_161' title='bbox 902 3343 1127 3418; x_wconf 85' lang='lat' dir='ltr'>interciderat·</span> 
     </span>
     <span class='ocr_line' id='line_1_29' title="bbox 365 3436 1224 3537; baseline 0.016 -32"><span class='ocrx_word' id='word_1_162' title='bbox 365 3463 456 3531; x_wconf 89' lang='lat' dir='ltr'>que,</span> <span class='ocrx_word' id='word_1_163' title='bbox 479 3446 513 3510; x_wconf 70' lang='grc' dir='ltr'>ὃ(</span> <span class='ocrx_word' id='word_1_164' title='bbox 527 3464 586 3537; x_wconf 86' lang='lat' dir='ltr'>per</span> <span class='ocrx_word' id='word_1_165' title='bbox 600 3436 775 3518; x_wconf 88' lang='lat' dir='ltr'>summurn</span> <span class='ocrx_word' id='word_1_166' title='bbox 788 3438 882 3514; x_wconf 89' lang='lat' dir='ltr'>nefas</span> <span class='ocrx_word' id='word_1_167' title='bbox 896 3441 1053 3523; x_wconf 83' lang='lat' dir='ltr'>utebatur</span> <span class='ocrx_word' id='word_1_168' title='bbox 1067 3443 1125 3517; x_wconf 85' lang='lat' dir='ltr'>ad·</span> <span class='ocrx_word' id='word_1_169' title='bbox 1223 3447 1224 3476; x_wconf 60' lang='lat'><em>*</em></span> 
     </span>
    </p>
   </div>
   <div class='ocr_carea' id='block_1_3' title="bbox 362 3533 1125 3656">
    <p class='ocr_par' dir='ltr' id='par_1_5' title="bbox 362 3533 1125 3656">
     <span class='ocr_line' id='line_1_30' title="bbox 362 3533 1125 3656; baseline 0.014 -44"><span class='ocrx_word' id='word_1_170' title='bbox 362 3533 477 3625; x_wconf 68' lang='lat' dir='ltr'>uersus</span> <span class='ocrx_word' id='word_1_171' title='bbox 499 3537 649 3639; x_wconf 77' lang='lat' dir='ltr'>andrum</span> <span class='ocrx_word' id='word_1_172' title='bbox 675 3540 818 3653; x_wconf 56' lang='lat' dir='ltr'>trigone</span> <span class='ocrx_word' id='word_1_173' title='bbox 837 3539 910 3628; x_wconf 86' lang='lat' dir='ltr'>suo.</span> <span class='ocrx_word' id='word_1_174' title='bbox 940 3544 1034 3656; x_wconf 59' lang='lat' dir='ltr'>Fecit</span> <span class='ocrx_word' id='word_1_175' title='bbox 1051 3542 1125 3651; x_wconf 57' lang='lat' dir='ltr'>puk</span> 
     </span>
    </p>
   </div>
   <div class='ocr_carea' id='block_1_4' title="bbox 228 1107 308 1171">
    <p class='ocr_par' dir='ltr' id='par_1_6' title="bbox 228 1107 308 1171">
     <span class='ocr_line' id='line_1_31' title="bbox 228 1107 308 1171; baseline -0.05 0"><span class='ocrx_word' id='word_1_176' title='bbox 228 1107 308 1171; x_wconf 9' lang='lat'>¹¹03·</span> 
     </span>
    </p>
   </div>
   <div class='ocr_carea' id='block_1_5' title="bbox 0 0 1368 4717">
    <p class='ocr_par' dir='ltr' id='par_1_7' title="bbox 0 0 1368 4717">
     <span class='ocr_line' id='line_1_32' title="bbox 0 0 1368 4717; baseline 0 3"><span class='ocrx_word' id='word_1_177' title='bbox 0 0 1368 4717; x_wconf 95' lang='lat' dir='ltr'> </span> 
     </span>
    </p>
   </div>
  </div>
 </body>
</html>
