2725 4717
490 663 729 742 ‚Trruu
884 650 888 661 ⁸
954 688 998 759 91

204 784 412 859 Terentius
425 786 619 873 Maximus,
636 783 715 857 Asu
729 780 911 872 oriundus,
932 785 1003 858 Ne·
1015 828 1130 875 Ξ

204 878 292 958 roni
323 887 478 987 corporis
500 886 641 977 habitu,
667 885 800 957 citharae
817 882 1000 983 cantusque
1011 906 1044 956 Α.
1053 908 1084 955 υ.
1095 906 1128 959 C.

205 987 358 1059 artibus
381 1013 450 1058 non
471 984 659 1073 abfimilis,
684 984 717 1059 se
738 982 802 1058 erse
822 986 999 1058 Neronem
1035 996 1102 1064 834·

204 1112 289 1157 erat
326 1088 522 1181 mentitus3
556 1084 756 1185 concitique
785 1085 998 1185 popularium
1033 1090 1056 1141 J·
1079 1090 1111 1141 G

205 1213 361 1274 manu,
389 1187 433 1257 ad
456 1184 662 1288 Euphratem
683 1184 927 1258 contenderat:
948 1185 999 1258 ibi
1050 1180 1099 1239 ⁸¹·

205 1288 309 1386 tegis
340 1287 571 1374 Parthorum,
596 1288 682 1359 Tito
712 1282 858 1372 infensi,
885 1286 1000 1359 studiis

203 1384 457 1461 attollebatur.
495 1388 635 1458 irritum
664 1381 730 1457 fuit
756 1384 973 1457 mendacium
986 1444 999 1477 ,

204 1513 384 1585 vanaque
397 1512 561 1558 novarum
575 1510 687 1557 rerum
702 1483 909 1573 tentamina,
929 1512 999 1560 non

203 1586 322 1677 Urbe
335 1578 492 1671 tantum,
506 1584 609 1657 sed&
619 1585 777 1683 imperio,
786 1586 822 1654 in
838 1582 1000 1681 obsequio

203 1685 523 1781 venerationeque
541 1682 728 1783 Principis,
749 1683 809 1779 qui
825 1681 951 1754 delicie
966 1694 1003 1758 δε

206 1784 479 1861 amorhumani
487 1782 620 1883 generis
629 1781 869 1883 appellabatur,
878 1782 1003 1855 defixis.

271 1887 341 1957 lu
371 1886 435 1956 hac
462 1885 552 1985 pacis
578 1880 791 1973 securitate,
830 1906 909 1956 vota
940 1908 1005 1984 pro
1087 1936 1090 1940 -
1154 1896 1157 1911 ¹

210 1984 302 2057 Titi
332 1983 438 2058 salute
462 1982 751 2086 nuncupabantur.
792 1981 841 2058 At
866 1978 1003 2055 infausti

212 2110 363 2160 amores
379 2083 496 2187 populi
510 2085 670 2159 Rotnani.
708 2087 748 2159 Et
764 2081 862 2185 super
875 2084 999 2157 Domi·

216 2186 315 2257 tiani
332 2186 479 2272 odium,
508 2184 667 2257 valetudo
687 2184 849 2285 Principis
873 2182 1000 2257 affiduo

216 2283 436 2359 bahteorurn
451 2282 512 2357 usu
525 2282 725 2355 labefaCbata
738 2282 1000 2381 ingravescebat.

216 2384 296 2456 Seu
307 2383 383 2473 suae,
391 2383 452 2455 seu
464 2383 657 2453 communis
669 2382 883 2453 mortalitatis
895 2379 1003 2471 sensu,

214 2482 260 2556 in
292 2480 562 2584 spefflculorum
589 2463 693 2567 iine,
729 2480 856 2584 populo
886 2503 1001 2573 coram
1053 2541 1057 2551 .

220 2583 382 2657 ubertim
404 2582 520 2655 flevit:
545 2609 626 2654 mox
651 2580 791 2655 Sabinos
816 2580 916 2685 petiit
936 2578 1000 2653 ali-

223 2710 359 2781 quanto
380 2683 528 2771 tristior,
551 2682 599 2755 ob
622 2681 999 2781 laevaque-evenerant

225 2809 407 2879 portentat
423 2783 467 2855 ad
488 2785 635 2882 primam
657 2782 768 2871 statim
789 2778 1002 2853 mansionem

227 2880 320 2957 febri
340 2883 427 2955 corri
452 2883 541 2952 itur:
566 2879 643 2953 ciam
661 2880 743 2955 inde
758 2878 875 2955 leuiici
893 2904 1001 2953 trans-

229 2979 399 3069 ferretur,
421 2911 593 3080 iitspexiffe
608 2981 753 3079 dicitur,
777 2982 917 3055 dimotis
931 2981 1009 3082 pla-‘

233 3085 319 3181 gulis
331 3142 342 3172 ,
354 3079 491 3154 caelum:
503 3078 650 3151 multum
663 3084 861 3178 conquestus
869 3114 906 3167 ,α
916 3081 1001 3179 eripi

223 3183 321 3257 ,aubi
339 3184 447 3255 vitam
462 3178 682 3251 immerentir
710 3204 821 3275 neque
839 3180 933 3251 eninr
948 3204 1003 3251 ex*

232 3287 343 3356 'astare
358 3282 469 3356 nilum
489 3276 588 3352 suum
602 3274 730 3349 fabium
801 3276 999 3370 nitendum,

235 3402 403 3483 »excepto
411 3378 737 3455 dinntaxatunoae.l
775 3376 874 3477 quale
888 3374 999 3469 fuerit,

236 3508 351 3579 neque
360 3480 429 3652 ipse
440 3508 519 3555 tunc
531 3478 700 3582 prodidit,
718 3504 830 3579 neque
841 3478 1001 3581 cuiquam¹

237 3581 340 3655 facile
376 3583 527 3657 uccurrit.
554 3582 694 3655 Vanum
709 3604 822 3653 autem
837 3576 973 3654 scrutari
988 3632 1001 3667 ,

239 3680 336 3789 guod
348 3683 507 3766 nonlicet
517 3678 667 3787 adsequi.
678 3681 857 3761 UbiTitus
868 3676 1010 3775 navtur,
