2725 4717
336 615 409 666 222.
456 590 1023 679 Annrnnrxenrouoroez

206 744 322 788 Ε
335 709 418 789 vilio
433 709 539 782 Tullo
552 690 584 780 ΙΙ
597 705 800 782 consulibus.
834 707 956 783 Annus
969 709 1121 808 inquies

204 807 239 857 Α·
249 809 281 855 U·
291 808 324 858 ⁰·
339 809 403 896 fuit
417 835 509 883 terrae
523 808 685 894 motibus.
708 809 752 880 lis
765 833 831 882 tres
840 809 943 884 urbes
955 811 994 882 in
1006 810 1119 894 Gala-

235 893 301 945 862.
358 913 364 926 ·

229 981 255 1029 J.
273 981 305 1029 C·

236 1073 304 1127 ³092

243 1131 248 1138 »

341 911 387 986 tri
399 911 572 1010 prostrata.
585 907 927 1009 Perteiritusquoque
936 936 1121 984 extremus

342 1014 495 1099 Oriens,
524 1006 623 1095 limul
649 1009 736 1082 adeo
765 1010 869 1090 atroci
897 1011 1117 1086 ‚conflictatus

341 1111 456 1198 fame,
476 1106 515 1182 ut
528 1133 587 1185 cor
633 1109 724 1182 ribus
738 1107 894 1186 humanis
910 1109 1120 1186 vesceretur.

342 1210 480 1294 Caesar,
507 1137 632 1285 haurio
632 1211 744 1294 minus
776 1209 975 1300 securitati,
1005 1211 1118 1310 quam

341 1310 514 1414 splendori
526 1308 632 1384 Urbis
645 1312 820 1401 intentus,
839 1312 916 1384 haec
936 1310 1030 1386 mala
1052 1338 1120 1410 pro

344 1413 434 1486 virili
466 1411 622 1512 portione
655 1436 863 1513 praecaverat.
911 1413 1120 1509 Numquam

347 1513 441 1588 enim
455 1520 568 1612 major
580 1509 645 1584 fuit
659 1539 801 1592 annonae
815 1539 917 1607 cura;
938 1522 974 1586 δι
989 1567 1000 1598 ,
1021 1537 1059 1584 ut
1073 1511 1120 1586 ad

347 1616 494 1716 posteros
516 1613 620 1686 etiam
635 1621 704 1710 ejus
718 1610 909 1686 sollicitudo
933 1611 1120 1700 tenderet,

315 1731 319 1736 '
348 1714 475 1814 reperit
500 1713 714 1811 firmavitque
737 1713 898 1828 piliorurn
920 1709 1122 1816 collegium.

350 1813 521 1892 Adversus
540 1840 679 1912 quoque
701 1838 758 1886 aut
778 1815 1003 1889 rmminentes
1027 1839 1123 1917 terrio

352 1940 547 2010 tremores,
579 1938 638 1987 aut
672 1913 808 1988 Tiberis
848 1914 1123 2002 exundationes,

353 2041 497 2112 quarum
523 2015 604 2086 vim.
622 2018 785 2114 magnam
810 2023 881 2114 Jam
903 2014 1121 2089 exhauriebat

353 2112 470 2187 forsan
484 2112 774 2214 providentiffimn
784 2115 939 2216 Principe
951 2113 1062 2203 faeta,
1074 2111 1123 2188 uri

354 2213 451 2314 supri
473 2212 618 2296 relatum
643 2216 712 2303 est,
737 2216 848 2292 statuit
873 2243 915 2290 ne
938 2215 1123 2288 domorum

355 2313 527 2406 altitudo,
552 2312 723 2418 sexaginta
736 2314 839 2419 pedes
851 2302 1035 2432 sulaefaret.
1064 2317 1123 2389 Ea·

250 2419 258 2433 ’
358 2418 442 2494 dem
458 2417 599 2506 caritas,
625 2418 753 2491 affiduae
771 2443 838 2532 per¹
849 2418 1046 2518 provincias
1063 2415 1126 2488 lar·

359 2521 505 2622 gitiones
519 2577 533 2607 ,
549 2528 586 2592 &
602 2519 813 2592 continuam
828 2517 926 2591 urbes
942 2517 1126 2613 beneficia·,

360 2620 525 2722 precipuo
549 2642 688 2707 tamen,
712 2641 749 2690 ut
771 2617 938 2692 Caesarem
957 2618 1128 2707 decebat,

359 2719 464 2796 ltalia
486 2745 630 2808 amore,
652 2727 745 2818 cujus
759 2747 829 2794 non
844 2719 951 2792 modo
968 2747 1125 2792 commo·-

363 2823 485 2907 ditati,
506 2818 565 2892 sed
577 2821 754 2896 aeternitati
771 2821 808 2894 in
821 2820 981 2916 omnibus
996 2819 1126 2893 consul-

361 2946 437 2992 tum
449 2917 566 2990 voluit.
595 2919 682 2994 Inde
699 2948 769 2992 non
786 2920 940 3021 qualite,
963 2917 1024 2994 sed
1037 2923 1126 2994 Prin-

363 3020 488 3121 cipum·
498 3015 671 3090 beneficiis
694 3017 826 3120 semper
848 3022 998 3112 devota,
1023 3015 1128 3123 er'upir

364 3119 524 3196 omnium
533 3120 717 3194 veneratio.
729 3122 895 3222 Undique
906 3181 916 3212 ‚
928 3123 1023 3222 quod
1035 3151 1127 3194 num·

364 3250 470 3324 quarn
485 3225 561 3298 ante
572 3222 746 3310 auditum,
760 3221 974 3325 propagatori
986 3221 1128 3322 imperii,

366 3323 601 3422 locupletatori
617 3323 743 3395 civium
760 3324 1018 3397 acclamabatur.
1035 3326 1128 3396 Unus

269 3462 273 3468 ·
367 3426 526 3497 omnium
547 3423 674 3512 timor,
694 3422 763 3496 sola
781 3425 942 3523 querela,
963 3424 1061 3522 quod
1073 3422 1129 3518 aliss

367 3525 509 3625 ¹quando
528 3520 598 3604 fata
615 3524 795 3629 optimum
817 3525 1012 3629 Principem
1038 3547 1125 3632 rape:
