2725 4717
337 640 412 736 tri
460 636 709 716 'illosum
742 642 1037 717 ennouoroc:

207 785 327 839 m
339 763 428 838 voris
437 821 448 853 ,
458 759 659 851 admiratio,
672 757 807 850 laetitia,
821 759 939 835 caricas
950 758 1135 838 ardescitc

207 858 325 916 ⁶²¹³·ss
341 866 511 939 unanimis
537 862 687 965 erumpit
709 860 972 936 acclamantium
998 864 1130 965 impe·-

235 955 303 1025 853·
339 990 410 1055 tus,
431 994 484 1039 co
498 990 532 1040 te
547 961 710 1039 felicem!
730 991 755 1036 o
769 990 831 1036 nos
843 961 961 1038 felices
976 972 984 1037 !
1007 965 1127 1039 crede

232 1048 256 1101 ³·
274 1050 307 1103 ⁰·
337 1066 488 1141 anobis!
517 1064 619 1139 crede
642 1062 729 1137 ribi!
756 1064 810 1137 Sic
831 1089 866 1138 te
886 1089 1007 1138 ament
1032 1065 1084 1137 dii
1100 1120 1120 1154 ,

212 1148 301 1208 '³⁰⁰‘
335 1164 660 1269 „quemadmodum
675 1190 715 1240 tu
727 1192 835 1239 nos».
864 1164 1036 1239 Nondum
1056 1163 1123 1239 vel

335 1293 457 1371 regum
483 1266 654 1369 imperia,
678 1265 734 1343 vel
759 1264 842 1341 felix
867 1260 1029 1356 libertas,
1054 1266 1119 1341 vel

332 1367 508 1444 Caesarum
522 1367 777 1473 magnificentia
789 1367 876 1465 hone
887 1367 1042 1441 laetitiatn
1060 1392 1120 1440 ta-

167 1464 175 1475 ’
274 1505 278 1509 ·
333 1468 450 1571 lesque
464 1494 565 1544 voces
578 1465 813 1571 exprefferant.
831 1468 886 1542 Ne
899 1466 1118 1568 quafaustis-

333 1570 460 1671 simum
482 1569 577 1644 diem
593 1570 812 1673 interciperet
831 1565 983 1659 oblivio,
1005 1567 1117 1643 simul

271 1670 276 1683 ’
333 1696 373 1749 uc
394 1680 467 1774 ejus
486 1668 654 1748 memorii
672 1668 780 1745 futuri
790 1669 961 1771 Principes
983 1696 1113 1743 onera-

332 1800 476 1864 rentur,
496 1774 565 1847 haec
583 1772 725 1846 comitia
737 1771 775 1843 in
788 1769 923 1873 publica
937 1776 1010 1846 acia
1024 1771 1115 1845 mit-

330 1872 678 1950 tenda&incidenda
690 1874 728 1945 in
738 1898 801 1946 aere
813 1868 945 1949 senatus
957 1868 1114 1947 censuitt

333 1974 452 2051 annuit
480 1974 639 2079 Princeps
666 1971 718 2046 sul
744 1971 907 2065 securus,
944 1983 979 2049 &
1009 1970 1113 2072 quod

196 2092 201 2099 '
331 2101 454 2165 omnes
473 2073 663 2175 gauderent
684 2072 787 2147 laetus.
822 2128 826 2133 ·
1015 2101 1019 2109 “

264 2190 266 2194 ’
301 2207 305 2216 ’
392 2176 512 2247 loen
538 2172 605 2249 fuit
638 2174 744 2247 totius
775 2170 1112 2248 consulatiutenor.

269 2366 272 2369 ·
328 2269 501 2375 Trnanus
527 2272 689 2376 frequens
715 2274 753 2347 in
779 2302 931 2377 campo,
963 2272 1000 2345 in
1026 2270 1111 2348 foto

333 2372 570 2477 frequentior,
585 2374 726 2450 affiduus
735 2377 773 2449 in
785 2373 967 2462 tribunali,
982 2398 1112 2449 omnes

332 2476 479 2553 consulis
491 2504 602 2581 partes
613 2474 792 2551 sustinete:
816 2475 981 2577 religione
998 2477 1126 2573 aequi-.
1232 2534 1233 2543 ,

332 2578 440 2663 catis,
466 2578 585 2675 legum
614 2574 801 2647 reverentii
827 2577 915 2649 tueri
943 2574 1111 2675 cujusque

318 2682 423 2777 'jurat
436 2674 473 2747 in
488 2671 739 2776 cognitionibus
751 2672 875 2748 mitem
885 2669 1110 2751 severitatem

330 2800 403 2851 non
416 2772 574 2850 dissoluta
584 2770 766 2850 clementii
779 2776 1112 2879 attemperareclina

332 2874 1021 2975 gulismagistratibussuamcuwitarem
1031 2903 1108 2953 non

331 2973 569 3063 imminuere,
598 2973 657 3046 sed
683 3003 837 3078 augere:
868 2977 1032 3095 fletaque
1054 2980 1108 3055 ad

331 3095 488 3176 pretores
510 3073 709 3166 remittere,
731 3102 818 3177 quos
833 3096 939 3154 enain
952 3079 1107 3184 collegas

332 3174 505 3273 iocabat3
531 3174 693 3279 populare
715 3202 918 3281 grammque
941 3208 1104 3273 nomen,

333 3284 373 3353 δε
393 3302 435 3352 ex
458 3304 519 3353 ore
537 3278 701 3381 Principis
725 3308 796 3354 non
820 3282 1017 3371 irridentis,
1039 3280 1104 3357 sed

327 3374 383 3451 ita
397 3378 591 3469 sentientis,
609 3380 760 3456 amicum
775 3382 900 3483 pariter
911 3392 948 3457 &
961 3382 1102 3459 honori-

334 3476 451 3553 ficum.

354 3614 360 3621 ·
387 3582 467 3654 His
494 3604 621 3659 tamen
637 3578 719 3656 antri
741 3578 850 3656 initiis
874 3582 962 3686 niltil
988 3581 1105 3685 magii
