2725 4717
358 638 428 707 106
484 622 1060 705 Ansiumxcnnouoroa
1107 650 1112 653 ·

227 783 344 833 Ξ
353 748 488 823 Restitit
501 748 682 850 Princeps,
701 744 850 844 infensus
864 746 1045 830 virtutibus
1060 806 1074 841 ,
1099 748 1140 825 δέ

226 856 261 906 Α·
270 860 303 905 U·
313 858 344 907 C·
357 849 465 953 gloria
480 850 544 923 viri
557 848 749 934 deterritus.
771 844 844 951 lpse
858 876 935 921 cum
952 850 1138 925 immenso

252 942 322 1084 :³43⁰
357 948 475 1123 paratu
490 948 647 1023 adversus
660 950 774 1023 Dacos
787 948 1031 1049 proficiscitur,
1053 950 1137 1024 bes-

371 1078 457 1138 um,
482 1076 520 1122 ut
533 1050 692 1140 rebatur,
710 1048 775 1123 suis
788 1050 938 1149 auspiciis
955 1074 1137 1153 reparatu-

355 1178 422 1224 rus.
444 1150 685 1250 Diurpaneus,
709 1174 839 1225 tantam
858 1176 1034 1223 armorum
1053 1151 1136 1223 vim

275 1281 278 1286 ’
354 1258 545 1339 metuens,
579 1247 708 1350 legatos
735 1249 853 1339 misit,
884 1251 944 1349 qui
970 1251 1015 1324 de
1041 1276 1135 1350 pace

353 1375 503 1453 agerent.
529 1352 606 1449 Ejus
622 1349 801 1449 prudentia
815 1351 1013 1423 Domitiani
1028 1351 1137 1424 vani-

353 1478 462 1530 tatem
485 1450 625 1524 inflavit.
664 1453 726 1539 Is,
759 1449 876 1551 spretis
907 1450 1052 1549 legatis,
1083 1478 1134 1523 ne

354 1552 437 1625 dato
457 1550 601 1650 quidem
621 1547 802 1651 responso,
826 1550 1032 1629 Cornelium
1047 1548 1132 1625 Fus-

354 1680 434 1732 cum
442 1709 454 1742 ,
467 1652 697 1752 pretoriarum
711 1650 904 1723 cohortium
916 1649 1133 1753 prasesium,

355 1753 449 1829 bello
471 1752 646 1855 praeponit.
679 1750 752 1824 Ubi
772 1751 862 1823 Diur
886 1778 972 1825 aneo
996 1752 1035 1825 id
1060 1750 1131 1825 fuit

353 1877 589 1956 compostum,
603 1851 728 1924 ducem
737 1850 842 1925 Urbis
853 1776 1004 1942 rieliciis,
1018 1855 1130 1953 quaim

353 1954 437 2031 belli
452 1952 579 2030 artibus
599 1949 781 2043 meliorem
801 1950 922 2041 irrisit,
947 1951 1130 2054 rursusque

351 2054 445 2127 misit
461 2052 610 2152 legatos,
625 2051 685 2152 qui
700 2078 818 2151 pacem
832 2050 1019 2142 offerrent,
1035 2054 1128 2129 dum

351 2152 1129 2254 Rom—ani,harumterrarumincolae,singulis

351 2255 448 2327 annis
463 2254 561 2327 binos
574 2252 696 2331 obolos
711 2250 896 2328 solverentr
911 2251 1002 2328 secus
1016 2282 1129 2331 exter·

352 2355 501 2439 minium
527 2354 759 2433 minitabatur.
783 2354 1057 2445 ‘Domitianum
1089 2380 1130 2429 ut

352 2469 485 2548 vanus,
511 2454 555 2529 stc
580 2455 722 2557 periculi
748 2454 915 2544 timidus,
940 2457 979 2528 in
1000 2456 1127 2529 Moesrs

352 2552 482 2628 rostitit.
495 2554 633 2639 Fuscus,
644 2556 767 2649 junstis
778 2554 919 2626 navibus
928 2555 965 2627 in
976 2556 1127 2631 modum

352 2655 485 2757 pontis,
506 2652 709 2743 Danubium
722 2650 904 2724 transmisit
919 2680 1000 2726 cum
1015 2656 1128 2731 leeris-

242 2813 247 2821 .
351 2755 446 2829 simis
472 2752 668 2851 militibus3
697 2752 896 2852 hostemque
928 2756 1125 2853 aggressus,

330 2854 412 2929 «sed
424 2858 497 2955 post
510 2881 649 2928 cruenta
662 2854 781 2961 proelia
794 2848 986 2955 oppressus,
1011 2878 1126 2931 teme-

236 3040 241 3046 ,
350 2953 668 3054 ritatispoenasluit.
691 2956 786 3029 Tum
802 2980 879 3026 cura
895 2952 1125 3034 belliJuliano
1209 2930 1210 2997 i

241 3072 248 3081 '
351 3052 529 3128 commissa
541 3111 553 3143 ,
564 3054 625 3153 qui
639 3080 712 3127 rem
726 3055 922 3127 Romanam
934 3057 1086 3133 restituit.

352 3177 354 3182 ’
370 3154 773 3231 lursmu'Domitianus
789 3154 826 3226 in
840 3157 1049 3229 Pannoniam
1065 3184 1126 3231 ve-

272 3303 275 3308 ·
350 3255 699 3357 nesat;·Quadisque
723 3266 760 3331 ὅτ
779 3257 1035 3330 Marcomannis
1062 3257 1119 3331 in-

255 3355 264 3390 *
346 3358 485 3449 sensus,
509 3357 603 3459 qubd
616 3385 720 3459 opem
736 3354 894 3445 adversis
910 3358 1026 3431 Dacos
1046 3384 1118 3432 non

348 3458 499 3535 tulissent
517 3483 543 3550 ,¹
556 3459 718 3535 intulerat
745 3454 887 3532 bellum.
925 3455 978 3571 sis·
997 3484 1118 3561 pacem

348 3561 552 3668 mantibus,
587 3557 736 3665 despeffl
767 3556 895 3659 legati:
921 3554 1005 3666 alu,
1035 3557 1118 3665 citus

257 1115 316 1177 sn
